<?xml version="1.0" encoding="UTF-8"?>
<!DOCTYPE html PUBLIC "-//W3C//DTD XHTML 1.0 Transitional//EN"
    "http://www.w3.org/TR/xhtml1/DTD/xhtml1-transitional.dtd">
<html xmlns="http://www.w3.org/1999/xhtml" xml:lang="en" lang="en">
 <head>
  <title>
</title>
<meta http-equiv="Content-Type" content="text/html;charset=utf-8" />
  <meta name='ocr-system' content='tesseract 3.04.00' />
  <meta name='ocr-capabilities' content='ocr_page ocr_carea ocr_par ocr_line ocrx_word'/>
</head>
<body>
  <div class='ocr_page' id='page_1' title='image "./despeculoregised00isliuoft_0045.png"; bbox 0 0 2444 3750; ppageno 0'>
   <div class='ocr_carea' id='block_1_1' title="bbox 1015 377 1228 418">
    <p class='ocr_par' dir='ltr' id='par_1_1' title="bbox 1015 377 1228 418">
     <span class='ocr_line' id='line_1_1' title="bbox 1015 377 1228 418; baseline -0.005 -10"><span class='ocrx_word' id='word_1_1' title='bbox 1015 377 1228 418; x_wconf 78' lang='lat'>...35—</span> 
     </span>
    </p>
   </div>
   <div class='ocr_carea' id='block_1_2' title="bbox 360 496 1891 2518">
    <p class='ocr_par' dir='ltr' id='par_1_2' title="bbox 360 496 1891 1186">
     <span class='ocr_line' id='line_1_2' title="bbox 362 496 1886 567; baseline -0.002 -19"><span class='ocrx_word' id='word_1_2' title='bbox 362 501 541 567; x_wconf 85' lang='lat' dir='ltr'>phano,</span> <span class='ocrx_word' id='word_1_3' title='bbox 579 497 812 564; x_wconf 82' lang='lat' dir='ltr'><strong>siquidem</strong></span> <span class='ocrx_word' id='word_1_4' title='bbox 846 518 867 542; x_wconf 92' lang='lat'>«</span> <span class='ocrx_word' id='word_1_5' title='bbox 893 498 1058 562; x_wconf 84' lang='lat' dir='ltr'>ingens</span> <span class='ocrx_word' id='word_1_6' title='bbox 1081 496 1288 544; x_wconf 81' lang='lat' dir='ltr'>thesauri</span> <span class='ocrx_word' id='word_1_7' title='bbox 1315 497 1450 562; x_wconf 91' lang='lat' dir='ltr'>copia</span> <span class='ocrx_word' id='word_1_8' title='bbox 1474 498 1570 560; x_wconf 88' lang='lat' dir='ltr'>jam</span> <span class='ocrx_word' id='word_1_9' title='bbox 1598 497 1886 563; x_wconf 78' lang='lat' dir='ltr'>deperierat,</span> 
     </span>
     <span class='ocr_line' id='line_1_3' title="bbox 366 585 1888 655; baseline -0.001 -20"><span class='ocrx_word' id='word_1_10' title='bbox 366 611 388 635; x_wconf 93' lang='lat'>«</span> <span class='ocrx_word' id='word_1_11' title='bbox 427 607 516 655; x_wconf 83' lang='lat' dir='ltr'>pax</span> <span class='ocrx_word' id='word_1_12' title='bbox 546 590 594 635; x_wconf 89' lang='lat' dir='ltr'>in</span> <span class='ocrx_word' id='word_1_13' title='bbox 615 605 765 652; x_wconf 80' lang='lat' dir='ltr'>regno</span> <span class='ocrx_word' id='word_1_14' title='bbox 796 585 947 644; x_wconf 90' lang='lat' dir='ltr'>nulla,</span> <span class='ocrx_word' id='word_1_15' title='bbox 977 585 1219 643; x_wconf 88' lang='lat' dir='ltr'>caedibus,</span> <span class='ocrx_word' id='word_1_16' title='bbox 1244 586 1493 644; x_wconf 87' lang='lat' dir='ltr'>incendiis,</span> <span class='ocrx_word' id='word_1_17' title='bbox 1524 587 1701 652; x_wconf 81' lang='lat' dir='ltr'>rapinis</span> <span class='ocrx_word' id='word_1_18' title='bbox 1728 588 1888 634; x_wconf 88' lang='lat' dir='ltr'>omnia</span> 
     </span>
     <span class='ocr_line' id='line_1_4' title="bbox 371 675 1891 742; baseline 0 -19"><span class='ocrx_word' id='word_1_19' title='bbox 371 699 391 724; x_wconf 92' lang='lat'>«</span> <span class='ocrx_word' id='word_1_20' title='bbox 427 675 913 725; x_wconf 81' lang='lat' dir='ltr'>exterminabantur¹.</span> <span class='ocrx_word' id='word_1_21' title='bbox 957 695 979 718; x_wconf 92' lang='lat'>»</span> <span class='ocrx_word' id='word_1_22' title='bbox 1016 679 1201 739; x_wconf 87' lang='lat' dir='ltr'>Itaque,</span> <span class='ocrx_word' id='word_1_23' title='bbox 1234 675 1419 739; x_wconf 83' lang='lat' dir='ltr'>Anglia,</span> <span class='ocrx_word' id='word_1_24' title='bbox 1453 693 1564 722; x_wconf 90' lang='lat' dir='ltr'>cum</span> <span class='ocrx_word' id='word_1_25' title='bbox 1602 693 1690 741; x_wconf 89' lang='lat' dir='ltr'>per</span> <span class='ocrx_word' id='word_1_26' title='bbox 1721 678 1891 742; x_wconf 85' lang='lat' dir='ltr'>viginti</span> 
     </span>
     <span class='ocr_line' id='line_1_5' title="bbox 362 763 1890 829; baseline -0.001 -14"><span class='ocrx_word' id='word_1_27' title='bbox 362 769 550 815; x_wconf 75' lang='lat' dir='ltr'>circiter</span> <span class='ocrx_word' id='word_1_28' title='bbox 581 782 752 824; x_wconf 90' lang='lat' dir='ltr'>annos,</span> <span class='ocrx_word' id='word_1_29' title='bbox 797 784 817 809; x_wconf 88' lang='lat'>«</span> <span class='ocrx_word' id='word_1_30' title='bbox 851 764 1087 811; x_wconf 83' lang='lat' dir='ltr'>intestinis</span> <span class='ocrx_word' id='word_1_31' title='bbox 1123 763 1258 810; x_wconf 89' lang='lat' dir='ltr'>malis</span> <span class='ocrx_word' id='word_1_32' title='bbox 1288 765 1541 829; x_wconf 84' lang='lat' dir='ltr'>exsanguis</span> <span class='ocrx_word' id='word_1_33' title='bbox 1581 773 1628 811; x_wconf 87' lang='lat' dir='ltr'>et</span> <span class='ocrx_word' id='word_1_34' title='bbox 1660 765 1890 813; x_wconf 79' lang='lat' dir='ltr'>exhausta</span> 
     </span>
     <span class='ocr_line' id='line_1_6' title="bbox 366 853 1891 918; baseline 0.001 -17"><span class='ocrx_word' id='word_1_35' title='bbox 366 877 388 901; x_wconf 91' lang='lat'>«</span> <span class='ocrx_word' id='word_1_36' title='bbox 427 855 683 903; x_wconf 70' lang='lat' dir='ltr'>tabuisset²</span> <span class='ocrx_word' id='word_1_37' title='bbox 716 874 765 912; x_wconf 88' lang='lat'>»,</span> <span class='ocrx_word' id='word_1_38' title='bbox 804 870 967 918; x_wconf 88' lang='lat' dir='ltr'>regem</span> <span class='ocrx_word' id='word_1_39' title='bbox 1009 853 1270 900; x_wconf 90' lang='lat' dir='ltr'>Henricum</span> <span class='ocrx_word' id='word_1_40' title='bbox 1309 857 1370 911; x_wconf 95' lang='lat' dir='ltr'>II,</span> <span class='ocrx_word' id='word_1_41' title='bbox 1413 874 1435 898; x_wconf 92' lang='lat'>«</span> <span class='ocrx_word' id='word_1_42' title='bbox 1478 853 1891 903; x_wconf 83' lang='lat' dir='ltr'>conclamantibus</span> 
     </span>
     <span class='ocr_line' id='line_1_7' title="bbox 365 942 1886 1010; baseline 0 -19"><span class='ocrx_word' id='word_1_43' title='bbox 365 966 388 990; x_wconf 92' lang='lat'>«</span> <span class='ocrx_word' id='word_1_44' title='bbox 427 962 543 1010; x_wconf 91' lang='lat' dir='ltr'>prae</span> <span class='ocrx_word' id='word_1_45' title='bbox 567 943 740 1008; x_wconf 85' lang='lat' dir='ltr'>gaudio</span> <span class='ocrx_word' id='word_1_46' title='bbox 767 960 852 1008; x_wconf 89' lang='lat' dir='ltr'>per</span> <span class='ocrx_word' id='word_1_47' title='bbox 879 951 1034 989; x_wconf 89' lang='lat' dir='ltr'>totum</span> <span class='ocrx_word' id='word_1_48' title='bbox 1062 959 1264 1006; x_wconf 85' lang='lat' dir='ltr'>regnum</span> <span class='ocrx_word' id='word_1_49' title='bbox 1291 942 1566 989; x_wconf 88' lang='lat' dir='ltr'>hominibus</span> <span class='ocrx_word' id='word_1_50' title='bbox 1586 945 1801 1008; x_wconf 81' lang='lat' dir='ltr'>excepit³</span> <span class='ocrx_word' id='word_1_51' title='bbox 1843 964 1886 991; x_wconf 86' lang='lat'>».</span> 
     </span>
     <span class='ocr_line' id='line_1_8' title="bbox 360 1030 1891 1097; baseline 0 -17"><span class='ocrx_word' id='word_1_52' title='bbox 360 1033 694 1081; x_wconf 86' lang='lat' dir='ltr'>Infelicitatem</span> <span class='ocrx_word' id='word_1_53' title='bbox 726 1032 856 1079; x_wconf 91' lang='lat' dir='ltr'>enim</span> <span class='ocrx_word' id='word_1_54' title='bbox 888 1032 1090 1096; x_wconf 82' lang='lat' dir='ltr'>experti,</span> <span class='ocrx_word' id='word_1_55' title='bbox 1133 1030 1193 1078; x_wconf 89' lang='lat' dir='ltr'>de</span> <span class='ocrx_word' id='word_1_56' title='bbox 1238 1048 1365 1078; x_wconf 85' lang='lat' dir='ltr'>novo</span> <span class='ocrx_word' id='word_1_57' title='bbox 1410 1032 1640 1097; x_wconf 87' lang='lat' dir='ltr'>principe,</span> <span class='ocrx_word' id='word_1_58' title='bbox 1692 1041 1745 1080; x_wconf 92' lang='lat' dir='ltr'>ut</span> <span class='ocrx_word' id='word_1_59' title='bbox 1788 1032 1891 1081; x_wconf 87' lang='lat' dir='ltr'>fieri</span> 
     </span>
     <span class='ocr_line' id='line_1_9' title="bbox 363 1115 1865 1186; baseline -0.007 -15"><span class='ocrx_word' id='word_1_60' title='bbox 363 1123 502 1180; x_wconf 90' lang='lat' dir='ltr'>solet,</span> <span class='ocrx_word' id='word_1_61' title='bbox 525 1121 721 1168; x_wconf 88' lang='lat' dir='ltr'>meliora</span> <span class='ocrx_word' id='word_1_62' title='bbox 745 1119 1018 1186; x_wconf 85' lang='lat' dir='ltr'>sperabant.</span> <span class='ocrx_word' id='word_1_63' title='bbox 1860 1115 1865 1119; x_wconf 73' lang='grc'><em>’</em></span> 
     </span>
    </p>

    <p class='ocr_par' dir='ltr' id='par_1_3' title="bbox 361 1209 1891 2518">
     <span class='ocr_line' id='line_1_10' title="bbox 428 1209 1884 1275; baseline 0.001 -17"><span class='ocrx_word' id='word_1_64' title='bbox 428 1213 521 1272; x_wconf 89' lang='lat' dir='ltr'>Qui</span> <span class='ocrx_word' id='word_1_65' title='bbox 547 1228 657 1258; x_wconf 92' lang='lat' dir='ltr'>cum</span> <span class='ocrx_word' id='word_1_66' title='bbox 683 1210 833 1256; x_wconf 90' lang='lat' dir='ltr'>multa</span> <span class='ocrx_word' id='word_1_67' title='bbox 866 1209 1060 1274; x_wconf 92' lang='lat' dir='ltr'>quidem</span> <span class='ocrx_word' id='word_1_68' title='bbox 1088 1210 1316 1256; x_wconf 84' lang='lat' dir='ltr'>excitaret</span> <span class='ocrx_word' id='word_1_69' title='bbox 1345 1227 1469 1275; x_wconf 89' lang='lat' dir='ltr'>quae</span> <span class='ocrx_word' id='word_1_70' title='bbox 1500 1211 1659 1273; x_wconf 83' lang='lat' dir='ltr'>jacere</span> <span class='ocrx_word' id='word_1_71' title='bbox 1678 1211 1884 1269; x_wconf 87' lang='lat' dir='ltr'>videbat,</span> 
     </span>
     <span class='ocr_line' id='line_1_11' title="bbox 363 1297 1891 1364; baseline 0 -16"><span class='ocrx_word' id='word_1_72' title='bbox 363 1300 708 1348; x_wconf 88' lang='lat' dir='ltr'>discordiarum</span> <span class='ocrx_word' id='word_1_73' title='bbox 735 1300 915 1363; x_wconf 89' lang='lat' dir='ltr'>impetu</span> <span class='ocrx_word' id='word_1_74' title='bbox 944 1297 1163 1363; x_wconf 90' lang='lat' dir='ltr'>perculsa</span> <span class='ocrx_word' id='word_1_75' title='bbox 1185 1307 1328 1363; x_wconf 88' lang='lat' dir='ltr'>atque</span> <span class='ocrx_word' id='word_1_76' title='bbox 1350 1309 1608 1364; x_wconf 88' lang='lat' dir='ltr'>prostrata,</span> <span class='ocrx_word' id='word_1_77' title='bbox 1645 1311 1891 1349; x_wconf 89' lang='lat' dir='ltr'>revocaret</span> 
     </span>
     <span class='ocr_line' id='line_1_12' title="bbox 365 1387 1886 1454; baseline -0.001 -17"><span class='ocrx_word' id='word_1_78' title='bbox 365 1390 492 1454; x_wconf 84' lang='lat' dir='ltr'>leges</span> <span class='ocrx_word' id='word_1_79' title='bbox 530 1398 578 1436; x_wconf 87' lang='lat' dir='ltr'>et</span> <span class='ocrx_word' id='word_1_80' title='bbox 605 1387 885 1451; x_wconf 78' lang='lat' dir='ltr'>justitiam‘,</span> <span class='ocrx_word' id='word_1_81' title='bbox 926 1388 1267 1452; x_wconf 89' lang='lat' dir='ltr'>comprimeret</span> <span class='ocrx_word' id='word_1_82' title='bbox 1296 1405 1553 1453; x_wconf 88' lang='lat' dir='ltr'>procerum</span> <span class='ocrx_word' id='word_1_83' title='bbox 1592 1390 1886 1448; x_wconf 81' lang='lat' dir='ltr'>audaciam⁵,</span> 
     </span>
     <span class='ocr_line' id='line_1_13' title="bbox 363 1476 1890 1543; baseline -0.001 -17"><span class='ocrx_word' id='word_1_84' title='bbox 363 1479 610 1543; x_wconf 90' lang='lat' dir='ltr'>multaque</span> <span class='ocrx_word' id='word_1_85' title='bbox 628 1477 717 1524; x_wconf 88' lang='lat' dir='ltr'>alia</span> <span class='ocrx_word' id='word_1_86' title='bbox 744 1493 868 1541; x_wconf 89' lang='lat' dir='ltr'>quae</span> <span class='ocrx_word' id='word_1_87' title='bbox 894 1476 1072 1541; x_wconf 88' lang='lat' dir='ltr'>dilapsa</span> <span class='ocrx_word' id='word_1_88' title='bbox 1096 1476 1196 1538; x_wconf 86' lang='lat' dir='ltr'>jam</span> <span class='ocrx_word' id='word_1_89' title='bbox 1213 1476 1490 1525; x_wconf 89' lang='lat' dir='ltr'>defluebant</span> <span class='ocrx_word' id='word_1_90' title='bbox 1509 1480 1686 1525; x_wconf 86' lang='lat' dir='ltr'>severis</span> <span class='ocrx_word' id='word_1_91' title='bbox 1709 1478 1890 1543; x_wconf 85' lang='lat' dir='ltr'>legibus</span> 
     </span>
     <span class='ocr_line' id='line_1_14' title="bbox 362 1565 1888 1631; baseline 0 -17"><span class='ocrx_word' id='word_1_92' title='bbox 362 1568 581 1624; x_wconf 78' lang='lat' dir='ltr'>vinciret,</span> <span class='ocrx_word' id='word_1_93' title='bbox 622 1575 784 1613; x_wconf 87' lang='lat' dir='ltr'>tamen</span> <span class='ocrx_word' id='word_1_94' title='bbox 818 1582 916 1611; x_wconf 91' lang='lat' dir='ltr'>non</span> <span class='ocrx_word' id='word_1_95' title='bbox 943 1566 1098 1630; x_wconf 89' lang='lat' dir='ltr'>potuit</span> <span class='ocrx_word' id='word_1_96' title='bbox 1131 1565 1363 1630; x_wconf 87' lang='lat' dir='ltr'>impedire</span> <span class='ocrx_word' id='word_1_97' title='bbox 1398 1568 1658 1631; x_wconf 88' lang='lat' dir='ltr'>quominus</span> <span class='ocrx_word' id='word_1_98' title='bbox 1701 1569 1888 1615; x_wconf 89' lang='lat' dir='ltr'>viceco-</span> 
     </span>
     <span class='ocr_line' id='line_1_15' title="bbox 362 1653 1888 1720; baseline -0.001 -17"><span class='ocrx_word' id='word_1_99' title='bbox 362 1656 519 1714; x_wconf 91' lang='lat' dir='ltr'>mites,</span> <span class='ocrx_word' id='word_1_100' title='bbox 570 1653 751 1711; x_wconf 88' lang='lat' dir='ltr'>ballivi,</span> <span class='ocrx_word' id='word_1_101' title='bbox 798 1654 1013 1717; x_wconf 83' lang='lat' dir='ltr'>variique</span> <span class='ocrx_word' id='word_1_102' title='bbox 1069 1662 1407 1718; x_wconf 86' lang='lat' dir='ltr'>procuratores</span> <span class='ocrx_word' id='word_1_103' title='bbox 1458 1656 1592 1719; x_wconf 85' lang='lat' dir='ltr'>regii,</span> <span class='ocrx_word' id='word_1_104' title='bbox 1653 1656 1888 1720; x_wconf 89' lang='lat' dir='ltr'>populum</span> 
     </span>
     <span class='ocr_line' id='line_1_16' title="bbox 361 1741 1886 1807; baseline 0.001 -16"><span class='ocrx_word' id='word_1_105' title='bbox 361 1743 674 1792; x_wconf 85' lang='lat' dir='ltr'>acerbissimis</span> <span class='ocrx_word' id='word_1_106' title='bbox 717 1741 1066 1800; x_wconf 78' lang='lat' dir='ltr'>vexationibus,</span> <span class='ocrx_word' id='word_1_107' title='bbox 1114 1744 1508 1807; x_wconf 87' lang='lat' dir='ltr'>procurationum</span> <span class='ocrx_word' id='word_1_108' title='bbox 1562 1744 1886 1804; x_wconf 89' lang='lat' dir='ltr'>simulatione,</span> 
     </span>
     <span class='ocr_line' id='line_1_17' title="bbox 362 1832 1887 1899; baseline 0.001 -19"><span class='ocrx_word' id='word_1_109' title='bbox 362 1832 640 1898; x_wconf 83' lang='lat' dir='ltr'>affligerent.</span> <span class='ocrx_word' id='word_1_110' title='bbox 657 1835 843 1896; x_wconf 90' lang='lat' dir='ltr'>Itaque,</span> <span class='ocrx_word' id='word_1_111' title='bbox 861 1848 989 1878; x_wconf 83' lang='lat' dir='ltr'>anno</span> <span class='ocrx_word' id='word_1_112' title='bbox 1010 1834 1149 1889; x_wconf 87' lang='lat'>1170,</span> <span class='ocrx_word' id='word_1_113' title='bbox 1167 1834 1501 1896; x_wconf 89' lang='lat' dir='ltr'>quaestionem</span> <span class='ocrx_word' id='word_1_114' title='bbox 1517 1833 1563 1879; x_wconf 93' lang='lat' dir='ltr'>in</span> <span class='ocrx_word' id='word_1_115' title='bbox 1575 1833 1662 1880; x_wconf 89' lang='lat' dir='ltr'>hos</span> <span class='ocrx_word' id='word_1_116' title='bbox 1677 1833 1887 1899; x_wconf 91' lang='lat' dir='ltr'>depecu-</span> 
     </span>
     <span class='ocr_line' id='line_1_18' title="bbox 362 1920 1882 1985; baseline 0.001 -17"><span class='ocrx_word' id='word_1_117' title='bbox 362 1921 556 1979; x_wconf 89' lang='lat' dir='ltr'>latores,</span> <span class='ocrx_word' id='word_1_118' title='bbox 574 1929 842 1978; x_wconf 76' lang='lat' dir='ltr'>vexatores,</span> <span class='ocrx_word' id='word_1_119' title='bbox 860 1920 1147 1985; x_wconf 88' lang='lat' dir='ltr'>praedones,</span> <span class='ocrx_word' id='word_1_120' title='bbox 1170 1921 1490 1968; x_wconf 87' lang='lat' dir='ltr'>exercendam</span> <span class='ocrx_word' id='word_1_121' title='bbox 1502 1938 1606 1969; x_wconf 91' lang='lat' dir='ltr'>esse</span> <span class='ocrx_word' id='word_1_122' title='bbox 1619 1924 1882 1981; x_wconf 86' lang='lat' dir='ltr'>constituit,</span> 
     </span>
     <span class='ocr_line' id='line_1_19' title="bbox 364 2008 1888 2076; baseline 0.001 -19"><span class='ocrx_word' id='word_1_123' title='bbox 364 2019 416 2057; x_wconf 87' lang='lat' dir='ltr'>ut</span> <span class='ocrx_word' id='word_1_124' title='bbox 450 2028 474 2056; x_wconf 88' lang='lat' dir='ltr'>a</span> <span class='ocrx_word' id='word_1_125' title='bbox 504 2009 741 2072; x_wconf 84' lang='lat' dir='ltr'>judicibus</span> <span class='ocrx_word' id='word_1_126' title='bbox 780 2008 1033 2073; x_wconf 87' lang='lat' dir='ltr'>diligenter</span> <span class='ocrx_word' id='word_1_127' title='bbox 1060 2010 1462 2073; x_wconf 85' lang='lat' dir='ltr'>investigarentur</span> <span class='ocrx_word' id='word_1_128' title='bbox 1493 2010 1624 2058; x_wconf 89' lang='lat' dir='ltr'>labes</span> <span class='ocrx_word' id='word_1_129' title='bbox 1654 2029 1888 2076; x_wconf 89' lang='lat' dir='ltr'>procura-</span> 
     </span>
     <span class='ocr_line' id='line_1_20' title="bbox 362 2098 1885 2163; baseline 0.001 -19"><span class='ocrx_word' id='word_1_130' title='bbox 362 2099 565 2156; x_wconf 90' lang='lat' dir='ltr'>tionum,</span> <span class='ocrx_word' id='word_1_131' title='bbox 585 2107 859 2162; x_wconf 86' lang='lat' dir='ltr'>stragesque</span> <span class='ocrx_word' id='word_1_132' title='bbox 871 2098 1202 2145; x_wconf 89' lang='lat' dir='ltr'>comitatuum.</span> <span class='ocrx_word' id='word_1_133' title='bbox 1228 2102 1408 2145; x_wconf 86' lang='lat' dir='ltr'>Harum</span> <span class='ocrx_word' id='word_1_134' title='bbox 1425 2100 1566 2163; x_wconf 84' lang='lat' dir='ltr'>igitur</span> <span class='ocrx_word' id='word_1_135' title='bbox 1586 2100 1885 2162; x_wconf 85' lang='lat' dir='ltr'>injuriarum,</span> 
     </span>
     <span class='ocr_line' id='line_1_21' title="bbox 361 2185 1886 2252; baseline 0.001 -19"><span class='ocrx_word' id='word_1_136' title='bbox 361 2203 485 2251; x_wconf 87' lang='lat' dir='ltr'>quae</span> <span class='ocrx_word' id='word_1_137' title='bbox 516 2185 793 2233; x_wconf 87' lang='lat' dir='ltr'>criminibus</span> <span class='ocrx_word' id='word_1_138' title='bbox 821 2185 1018 2232; x_wconf 84' lang='lat' dir='ltr'>infinitis</span> <span class='ocrx_word' id='word_1_139' title='bbox 1045 2185 1312 2251; x_wconf 87' lang='lat' dir='ltr'>implicatae</span> <span class='ocrx_word' id='word_1_140' title='bbox 1345 2196 1500 2246; x_wconf 90' lang='lat' dir='ltr'>erant,</span> <span class='ocrx_word' id='word_1_141' title='bbox 1529 2205 1715 2234; x_wconf 92' lang='lat' dir='ltr'>summa</span> <span class='ocrx_word' id='word_1_142' title='bbox 1745 2206 1886 2252; x_wconf 85' lang='lat' dir='ltr'>gene-</span> 
     </span>
     <span class='ocr_line' id='line_1_22' title="bbox 362 2274 1887 2340; baseline 0.001 -19"><span class='ocrx_word' id='word_1_143' title='bbox 362 2276 500 2322; x_wconf 87' lang='lat' dir='ltr'>ratim</span> <span class='ocrx_word' id='word_1_144' title='bbox 533 2274 868 2338; x_wconf 82' lang='lat' dir='ltr'>cognoscenda</span> <span class='ocrx_word' id='word_1_145' title='bbox 894 2274 1012 2321; x_wconf 87' lang='lat' dir='ltr'>haec</span> <span class='ocrx_word' id='word_1_146' title='bbox 1038 2283 1167 2322; x_wconf 89' lang='lat' dir='ltr'>erat:</span> <span class='ocrx_word' id='word_1_147' title='bbox 1203 2296 1224 2320; x_wconf 93' lang='lat'>«</span> <span class='ocrx_word' id='word_1_148' title='bbox 1255 2277 1534 2340; x_wconf 88' lang='lat' dir='ltr'>Inquiratur</span> <span class='ocrx_word' id='word_1_149' title='bbox 1558 2276 1617 2323; x_wconf 93' lang='lat' dir='ltr'>de</span> <span class='ocrx_word' id='word_1_150' title='bbox 1641 2278 1887 2323; x_wconf 88' lang='lat' dir='ltr'>vicecomi-</span> 
     </span>
     <span class='ocr_line' id='line_1_23' title="bbox 366 2362 1889 2430; baseline 0.003 -22"><span class='ocrx_word' id='word_1_151' title='bbox 366 2384 387 2408; x_wconf 92' lang='lat'>«</span> <span class='ocrx_word' id='word_1_152' title='bbox 426 2363 551 2410; x_wconf 92' lang='lat' dir='ltr'>tibus</span> <span class='ocrx_word' id='word_1_153' title='bbox 586 2364 802 2428; x_wconf 89' lang='lat' dir='ltr'>inprimis</span> <span class='ocrx_word' id='word_1_154' title='bbox 837 2371 885 2410; x_wconf 87' lang='lat' dir='ltr'>et</span> <span class='ocrx_word' id='word_1_155' title='bbox 917 2362 1103 2410; x_wconf 89' lang='lat' dir='ltr'>ballivis</span> <span class='ocrx_word' id='word_1_156' title='bbox 1138 2381 1325 2422; x_wconf 89' lang='lat' dir='ltr'>eorum,</span> <span class='ocrx_word' id='word_1_157' title='bbox 1367 2365 1499 2429; x_wconf 89' lang='lat' dir='ltr'>quid,</span> <span class='ocrx_word' id='word_1_158' title='bbox 1538 2365 1612 2412; x_wconf 90' lang='lat' dir='ltr'>vel</span> <span class='ocrx_word' id='word_1_159' title='bbox 1652 2375 1889 2430; x_wconf 89' lang='lat' dir='ltr'>quantum</span> 
     </span>
     <span class='ocr_line' id='line_1_24' title="bbox 366 2451 1885 2518; baseline 0.004 -22"><span class='ocrx_word' id='word_1_160' title='bbox 366 2473 388 2497; x_wconf 88' lang='lat'>«</span> <span class='ocrx_word' id='word_1_161' title='bbox 427 2453 698 2517; x_wconf 87' lang='lat' dir='ltr'>acceperint</span> <span class='ocrx_word' id='word_1_162' title='bbox 724 2452 783 2499; x_wconf 89' lang='lat' dir='ltr'>de</span> <span class='ocrx_word' id='word_1_163' title='bbox 811 2451 1008 2517; x_wconf 85' lang='lat' dir='ltr'>singulis</span> <span class='ocrx_word' id='word_1_164' title='bbox 1034 2452 1298 2500; x_wconf 90' lang='lat' dir='ltr'>hundredis</span> <span class='ocrx_word' id='word_1_165' title='bbox 1319 2462 1366 2500; x_wconf 89' lang='lat' dir='ltr'>et</span> <span class='ocrx_word' id='word_1_166' title='bbox 1392 2453 1452 2500; x_wconf 92' lang='lat' dir='ltr'>de</span> <span class='ocrx_word' id='word_1_167' title='bbox 1474 2454 1671 2518; x_wconf 86' lang='lat' dir='ltr'>singulis</span> <span class='ocrx_word' id='word_1_168' title='bbox 1692 2454 1885 2513; x_wconf 83' lang='lat' dir='ltr'>villatis,</span> 
     </span>
    </p>
   </div>
   <div class='ocr_carea' id='block_1_3' title="bbox 361 2633 1890 3214">
    <p class='ocr_par' dir='ltr' id='par_1_4' title="bbox 415 2633 1885 2862">
     <span class='ocr_line' id='line_1_25' title="bbox 418 2633 1884 2686; baseline 0.004 -16"><span class='ocrx_word' id='word_1_169' title='bbox 418 2635 454 2671; x_wconf 81' lang='lat'>1.</span> <span class='ocrx_word' id='word_1_170' title='bbox 487 2633 642 2671; x_wconf 87' lang='lat' dir='ltr'>Henrici</span> <span class='ocrx_word' id='word_1_171' title='bbox 658 2633 919 2672; x_wconf 84' lang='lat' dir='ltr'>archidiaconi</span> <span class='ocrx_word' id='word_1_172' title='bbox 936 2633 1267 2673; x_wconf 90' lang='lat' dir='ltr'>Huntindunensis</span> <span class='ocrx_word' id='word_1_173' title='bbox 1287 2636 1462 2673; x_wconf 79' lang='lat' dir='ltr'>Historia</span> <span class='ocrx_word' id='word_1_174' title='bbox 1475 2639 1700 2686; x_wconf 80' lang='lat' dir='ltr'>Anglorum,</span> <span class='ocrx_word' id='word_1_175' title='bbox 1728 2637 1752 2675; x_wconf 93' lang='lat' dir='ltr'>l.</span> <span class='ocrx_word' id='word_1_176' title='bbox 1777 2639 1884 2685; x_wconf 89' lang='lat' dir='ltr'>VIII,</span> 
     </span>
     <span class='ocr_line' id='line_1_26' title="bbox 415 2751 1885 2807; baseline 0.003 -17"><span class='ocrx_word' id='word_1_177' title='bbox 415 2752 454 2790; x_wconf 73' lang='lat'>2.</span> <span class='ocrx_word' id='word_1_178' title='bbox 486 2751 669 2790; x_wconf 84' lang='lat' dir='ltr'>Willelmi</span> <span class='ocrx_word' id='word_1_179' title='bbox 685 2752 733 2790; x_wconf 91' lang='lat' dir='ltr'>de</span> <span class='ocrx_word' id='word_1_180' title='bbox 754 2752 988 2803; x_wconf 85' lang='lat' dir='ltr'>Novoburgo</span> <span class='ocrx_word' id='word_1_181' title='bbox 1009 2755 1182 2790; x_wconf 74' lang='lat' dir='ltr'>Historia</span> <span class='ocrx_word' id='word_1_182' title='bbox 1202 2767 1331 2792; x_wconf 82' lang='lat' dir='ltr'>rerum</span> <span class='ocrx_word' id='word_1_183' title='bbox 1352 2756 1620 2804; x_wconf 80' lang='lat' dir='ltr'>Anglicaram,</span> <span class='ocrx_word' id='word_1_184' title='bbox 1652 2763 1679 2793; x_wconf 91' lang='lat' dir='ltr'>t.</span> <span class='ocrx_word' id='word_1_185' title='bbox 1701 2757 1732 2802; x_wconf 91' lang='grc' dir='ltr'>Ι,</span> <span class='ocrx_word' id='word_1_186' title='bbox 1756 2769 1796 2807; x_wconf 89' lang='lat' dir='ltr'>p.</span> <span class='ocrx_word' id='word_1_187' title='bbox 1821 2757 1885 2803; x_wconf 88' lang='grc'>60,</span> 
     </span>
     <span class='ocr_line' id='line_1_27' title="bbox 418 2811 810 2862; baseline 0.008 -14"><span class='ocrx_word' id='word_1_188' title='bbox 418 2812 454 2848; x_wconf 92' lang='grc'>3.</span> <span class='ocrx_word' id='word_1_189' title='bbox 488 2811 564 2855; x_wconf 86' lang='lat' dir='ltr'>ld.‚</span> <span class='ocrx_word' id='word_1_190' title='bbox 585 2818 611 2847; x_wconf 93' lang='lat' dir='ltr'>t.</span> <span class='ocrx_word' id='word_1_191' title='bbox 631 2812 660 2855; x_wconf 91' lang='lat'>1,</span> <span class='ocrx_word' id='word_1_192' title='bbox 687 2825 724 2862; x_wconf 88' lang='lat' dir='ltr'>p.</span> <span class='ocrx_word' id='word_1_193' title='bbox 747 2813 810 2851; x_wconf 87' lang='grc'>89.</span> 
     </span>
    </p>

    <p class='ocr_par' dir='ltr' id='par_1_5' title="bbox 415 2869 1418 2923">
     <span class='ocr_line' id='line_1_28' title="bbox 415 2869 1418 2923; baseline 0.007 -18"><span class='ocrx_word' id='word_1_194' title='bbox 415 2870 453 2906; x_wconf 89' lang='grc'>4.</span> <span class='ocrx_word' id='word_1_195' title='bbox 483 2869 674 2907; x_wconf 89' lang='lat' dir='ltr'>Robertus</span> <span class='ocrx_word' id='word_1_196' title='bbox 693 2871 741 2908; x_wconf 90' lang='lat' dir='ltr'>de</span> <span class='ocrx_word' id='word_1_197' title='bbox 759 2873 901 2918; x_wconf 86' lang='lat' dir='ltr'>Monte,</span> <span class='ocrx_word' id='word_1_198' title='bbox 928 2872 1128 2919; x_wconf 80' lang='lat' dir='ltr'>Chronica,</span> <span class='ocrx_word' id='word_1_199' title='bbox 1153 2880 1181 2910; x_wconf 90' lang='lat' dir='ltr'>t.</span> <span class='ocrx_word' id='word_1_200' title='bbox 1206 2874 1236 2918; x_wconf 89' lang='lat'>1,</span> <span class='ocrx_word' id='word_1_201' title='bbox 1261 2885 1300 2923; x_wconf 88' lang='lat' dir='ltr'>p.</span> <span class='ocrx_word' id='word_1_202' title='bbox 1324 2874 1418 2912; x_wconf 79' lang='lat'>291.</span> 
     </span>
    </p>

    <p class='ocr_par' dir='ltr' id='par_1_6' title="bbox 361 2930 1890 3214">
     <span class='ocr_line' id='line_1_29' title="bbox 417 2930 1884 2982; baseline 0.003 -17"><span class='ocrx_word' id='word_1_203' title='bbox 417 2930 452 2965; x_wconf 88' lang='lat'>5.</span> <span class='ocrx_word' id='word_1_204' title='bbox 488 2933 599 2965; x_wconf 79' lang='lat' dir='ltr'>Gesta</span> <span class='ocrx_word' id='word_1_205' title='bbox 611 2931 715 2978; x_wconf 77' lang='lat' dir='ltr'>regis</span> <span class='ocrx_word' id='word_1_206' title='bbox 732 2932 886 2967; x_wconf 81' lang='lat' dir='ltr'>Henrici</span> <span class='ocrx_word' id='word_1_207' title='bbox 900 2934 949 2976; x_wconf 92' lang='lat' dir='ltr'>Il,</span> <span class='ocrx_word' id='word_1_208' title='bbox 963 2939 990 2970; x_wconf 88' lang='lat' dir='ltr'>t.</span> <span class='ocrx_word' id='word_1_209' title='bbox 1009 2933 1038 2978; x_wconf 79' lang='grc' dir='ltr'>Ι,</span> <span class='ocrx_word' id='word_1_210' title='bbox 1050 2944 1087 2982; x_wconf 89' lang='lat' dir='ltr'>p.</span> <span class='ocrx_word' id='word_1_211' title='bbox 1106 2933 1142 2978; x_wconf 81' lang='lat'>4,</span> <span class='ocrx_word' id='word_1_212' title='bbox 1159 2960 1184 2968; x_wconf 92' lang='lat'>..</span> <span class='ocrx_word' id='word_1_213' title='bbox 1196 2934 1413 2970; x_wconf 63' lang='lat' dir='ltr'>,Pei-acta...</span> <span class='ocrx_word' id='word_1_214' title='bbox 1431 2932 1682 2970; x_wconf 79' lang='lat' dir='ltr'>sollemnitate</span> <span class='ocrx_word' id='word_1_215' title='bbox 1696 2932 1884 2977; x_wconf 76' lang='lat' dir='ltr'>paschali,</span> 
     </span>
     <span class='ocr_line' id='line_1_30' title="bbox 361 2985 1887 3039; baseline 0.005 -17"><span class='ocrx_word' id='word_1_216' title='bbox 361 2986 530 3036; x_wconf 85' lang='lat' dir='ltr'>perrexit</span> <span class='ocrx_word' id='word_1_217' title='bbox 542 2985 633 3024; x_wconf 91' lang='lat' dir='ltr'>inde</span> <span class='ocrx_word' id='word_1_218' title='bbox 654 2988 886 3036; x_wconf 80' lang='lat' dir='ltr'>Londonias,</span> <span class='ocrx_word' id='word_1_219' title='bbox 908 2997 945 3027; x_wconf 86' lang='lat' dir='ltr'>et</span> <span class='ocrx_word' id='word_1_220' title='bbox 965 2989 1020 3026; x_wconf 90' lang='lat' dir='ltr'>ibi</span> <span class='ocrx_word' id='word_1_221' title='bbox 1034 3002 1215 3039; x_wconf 86' lang='lat' dir='ltr'>magnum</span> <span class='ocrx_word' id='word_1_222' title='bbox 1234 2990 1445 3028; x_wconf 89' lang='lat' dir='ltr'>celebravit</span> <span class='ocrx_word' id='word_1_223' title='bbox 1461 2991 1665 3028; x_wconf 90' lang='lat' dir='ltr'>concilium</span> <span class='ocrx_word' id='word_1_224' title='bbox 1687 2999 1724 3029; x_wconf 89' lang='lat' dir='ltr'>et</span> <span class='ocrx_word' id='word_1_225' title='bbox 1742 2990 1887 3029; x_wconf 86' lang='lat' dir='ltr'>ibidem</span> 
     </span>
     <span class='ocr_line' id='line_1_31' title="bbox 361 3044 1890 3101; baseline 0.004 -20"><span class='ocrx_word' id='word_1_226' title='bbox 361 3044 538 3095; x_wconf 91' lang='lat' dir='ltr'>deposuit</span> <span class='ocrx_word' id='word_1_227' title='bbox 561 3045 638 3083; x_wconf 85' lang='lat' dir='ltr'>fere</span> <span class='ocrx_word' id='word_1_228' title='bbox 659 3059 790 3084; x_wconf 84' lang='lat' dir='ltr'>omnes</span> <span class='ocrx_word' id='word_1_229' title='bbox 813 3046 1056 3086; x_wconf 85' lang='lat' dir='ltr'>vicecomites</span> <span class='ocrx_word' id='word_1_230' title='bbox 1077 3048 1239 3098; x_wconf 86' lang='lat' dir='ltr'>Angliae</span> <span class='ocrx_word' id='word_1_231' title='bbox 1257 3057 1294 3087; x_wconf 88' lang='lat' dir='ltr'>et</span> <span class='ocrx_word' id='word_1_232' title='bbox 1313 3049 1492 3098; x_wconf 89' lang='lat' dir='ltr'>ballivos,</span> <span class='ocrx_word' id='word_1_233' title='bbox 1510 3063 1580 3100; x_wconf 88' lang='lat' dir='ltr'>pro</span> <span class='ocrx_word' id='word_1_234' title='bbox 1600 3063 1645 3088; x_wconf 90' lang='lat' dir='ltr'>eo</span> <span class='ocrx_word' id='word_1_235' title='bbox 1664 3051 1769 3101; x_wconf 85' lang='lat' dir='ltr'>quod</span> <span class='ocrx_word' id='word_1_236' title='bbox 1792 3049 1890 3087; x_wconf 83' lang='lat' dir='ltr'>male</span> 
     </span>
     <span class='ocr_line' id='line_1_32' title="bbox 363 3104 1886 3159; baseline 0.004 -19"><span class='ocrx_word' id='word_1_237' title='bbox 363 3111 621 3141; x_wconf 85' lang='lat' dir='ltr'>tractaverunt</span> <span class='ocrx_word' id='word_1_238' title='bbox 641 3104 813 3143; x_wconf 88' lang='lat' dir='ltr'>homines</span> <span class='ocrx_word' id='word_1_239' title='bbox 837 3107 946 3156; x_wconf 87' lang='lat' dir='ltr'>regni</span> <span class='ocrx_word' id='word_1_240' title='bbox 978 3107 1088 3147; x_wconf 88' lang='lat' dir='ltr'>sui...</span> <span class='ocrx_word' id='word_1_241' title='bbox 1113 3108 1191 3152; x_wconf 87' lang='lat' dir='ltr'>Jd.‚</span> <span class='ocrx_word' id='word_1_242' title='bbox 1217 3121 1257 3159; x_wconf 92' lang='lat' dir='ltr'>p.</span> <span class='ocrx_word' id='word_1_243' title='bbox 1281 3110 1371 3147; x_wconf 77' lang='lat'>207.</span> <span class='ocrx_word' id='word_1_244' title='bbox 1395 3131 1446 3136; x_wconf 98' lang='lat'><strong>—</strong></span> <span class='ocrx_word' id='word_1_245' title='bbox 1467 3109 1657 3147; x_wconf 85' lang='lat' dir='ltr'>Robertus</span> <span class='ocrx_word' id='word_1_246' title='bbox 1676 3110 1724 3146; x_wconf 92' lang='lat' dir='ltr'>de</span> <span class='ocrx_word' id='word_1_247' title='bbox 1746 3111 1886 3155; x_wconf 86' lang='lat' dir='ltr'>Monte,</span> 
     </span>
     <span class='ocr_line' id='line_1_33' title="bbox 368 3163 1074 3214; baseline 0.006 -14"><span class='ocrx_word' id='word_1_248' title='bbox 368 3163 566 3210; x_wconf 77' lang='lat' dir='ltr'>Chronica,</span> <span class='ocrx_word' id='word_1_249' title='bbox 589 3170 616 3201; x_wconf 91' lang='lat' dir='ltr'>t.</span> <span class='ocrx_word' id='word_1_250' title='bbox 638 3165 688 3209; x_wconf 89' lang='grc' dir='ltr'>ΙΙ,</span> <span class='ocrx_word' id='word_1_251' title='bbox 711 3177 776 3214; x_wconf 89' lang='lat' dir='ltr'>pp.</span> <span class='ocrx_word' id='word_1_252' title='bbox 802 3166 867 3207; x_wconf 77' lang='lat'>28,</span> <span class='ocrx_word' id='word_1_253' title='bbox 893 3166 957 3211; x_wconf 77' lang='lat'>42,</span> <span class='ocrx_word' id='word_1_254' title='bbox 984 3167 1074 3204; x_wconf 83' lang='lat'>117.</span> 
     </span>
    </p>
   </div>
  </div>
 </body>
</html>
