2314 3736
1018 329 1299 386 '—14o-

418 434 703 494 evigilabunt,
728 433 1000 477 insidiatores
1023 434 1102 486 tui,
1126 445 1167 477 et
1191 438 1277 477 eris
1297 438 1342 477 ιή
1373 437 1571 492 rapinam
1600 436 1678 486 eis,
1713 438 1820 492 quia
1847 448 1941 491 spo-

419 505 544 548 liasti
563 515 714 564 gentes
732 505 903 558 multas,
929 505 1176 563 spoliabunt
1196 515 1236 547 te
1255 520 1405 547 omnes
1434 508 1510 564 qui
1534 505 1676 547 relicti
1692 504 1861 562 fuerint
1889 503 1943 546 de

416 576 594 635 populis
606 573 635 619 ὁ.
660 575 771 619 Vide
796 575 905 635 quid
925 575 1080 619 accidit
1105 575 1218 636 patri
1239 587 1314 619 tuo
1336 586 1379 618 ct
1404 575 1503 619 ideo
1524 592 1573 619 ve
1595 574 1690 620 tibi.

833 931 1007 974 CAPIT
1015 931 1086 973 UL
1095 931 1178 973 UM
1213 931 1535 974 SEPTIMUM.

477 1142 617 1189 XIII.
655 1143 693 1185 Ο
722 1141 911 1185 Domine
936 1142 994 1184 mi
1017 1158 1106 1195 rex,
1133 1142 1298 1185 utinam
1330 1158 1500 1201 saperes
1531 1154 1574 1186 et
1594 1142 1873 1202 intelligeres,
1897 1160 1947 1187 ac

420 1213 651 1256 novissima
675 1211 938 1270 provideres.
958 1213 1157 1270 Saperes,
1192 1211 1235 1254 id
1260 1223 1338 1265 est,
1362 1228 1639 1270 cognosceres
1666 1213 1946 1257 condiciones

419 1301 571 1327 eorum
599 1284 760 1343 quibus
786 1283 953 1341 aliquid
981 1298 1186 1341 magnum
1209 1282 1271 1325 vis
1301 1283 1480 1334 donare,
1511 1295 1554 1326 et
1587 1283 1865 1341 intelligeres,
1901 1284 1945 1327 id
1990 1311 1992 1313 -

419 1366 484 1398 est
511 1366 654 1397 mente
683 1355 864 1397 haberes
892 1353 1063 1396 infinita
1094 1353 1239 1396 debita
1269 1365 1357 1405 tua,
1388 1365 1431 1396 et
1460 1353 1604 1396 debita
1632 1354 1765 1412 patris
1793 1354 1873 1406 tui,
1903 1366 1946 1398 et

419 1426 661 1485 periculum
690 1426 732 1468 in
762 1441 849 1484 quo
872 1436 918 1467 tu
953 1441 995 1467 es
1024 1441 1102 1483 pro
1129 1424 1287 1467 debitis
1318 1441 1405 1467 non
1432 1424 1609 1478 solutis,
1639 1441 1686 1467 ac
1714 1425 1946 1468 novissima

419 1498 685 1559 provideres,
727 1496 892 1538 scilicet
937 1506 1121 1538 mortem
1156 1507 1273 1538 tuam
1313 1495 1520 1538 incertam
1553 1507 1596 1538 et
1631 1495 1943 1548 inevitabilem,

418 1581 532 1613 certe
559 1585 647 1611 non
670 1568 827 1610 faceres
860 1567 987 1609 alicui
1015 1582 1215 1625 magnam
1245 1566 1530 1608 donacionem
1562 1566 1770 1624 aliquam,
1808 1566 1946 1625 prius-

418 1657 550 1700 quam
571 1639 715 1682 debita
738 1650 810 1681 tua
832 1649 872 1680 et
896 1638 1041 1680 debita
1065 1637 1196 1696 patris
1218 1637 1281 1680 tui
1305 1637 1469 1679 fuerint
1495 1637 1686 1695 plenarie
1707 1637 1942 1696 persoluta.

419 1713 476 1755 Et
502 1711 615 1764 ideo,
645 1710 822 1753 domine
851 1725 942 1761 rex,
979 1708 1155 1767 quando
1188 1707 1397 1766 proponis
1426 1707 1554 1750 alicui
1587 1707 1777 1766 aliquam
1810 1707 1946 1750 dona-

418 1782 605 1835 cionem,
631 1781 772 1840 primo
805 1779 943 1838 cogita
973 1780 1026 1821 de
1057 1778 1214 1821 debitis
1242 1779 1344 1830 tuis,
1374 1790 1416 1821 et
1448 1779 1501 1820 de
1522 1778 1678 1821 debitis
1707 1778 1841 1837 patris
1862 1778 1943 1830 tui,

419 1865 461 1896 et
485 1869 596 1912 pone
616 1852 742 1902 illud,
772 1862 822 1894 ut
848 1850 1119 1909 signaculum
1148 1866 1277 1908 super
1302 1865 1376 1891 cor
1397 1861 1538 1892 tuum.
1565 1850 1619 1891 Et
1640 1849 1713 1902 sic,
1735 1849 1780 1891 in
1809 1849 1946 1892 dona-

419 1923 621 1966 cionibus
643 1922 729 1965 tuis
750 1922 881 1964 debes
901 1921 1174 1963 considerare
1201 1937 1326 1979 posse
1347 1931 1489 1973 tuum,
1515 1931 1727 1978 tempora,
1760 1919 1946 1962 necessi-

421 2006 570 2046 tatem,
595 2005 638 2036 et
665 1993 816 2035 merita
844 1992 1076 2034 hominum
1107 1991 1269 2049 quibus
1302 1990 1467 2048 aliquid
1497 2007 1541 2033 es
1566 1991 1769 2033 daturus.
1803 1991 1948 2033 Debes

420 2082 520 2124 ergo
548 2064 694 2123 largiri
725 2064 839 2106 dona
868 2065 993 2121 juxta
1026 2078 1152 2121 posse
1186 2073 1328 2112 tuum,
1359 2061 1403 2104 in
1439 2077 1657 2114 mensura,
1694 2060 1949 2103 hominibus

422 2136 722 2194 indigentibus
749 2145 791 2177 et
817 2133 976 2191 dignis,
1007 2133 1108 2191 quia
1136 2132 1212 2191 qui
1249 2132 1430 2190 largitur
1455 2132 1568 2174 dona
1601 2148 1677 2174 sua
1710 2147 1798 2174 non
1831 2130 1948 2174 indi-

420 2206 623 2266 gentibus
650 2205 715 2248 vel
746 2204 955 2263 indignis,
986 2203 1152 2246 nullam
1180 2203 1366 2262 acquirit
1400 2202 1481 2245 sibi
1515 2203 1705 2245 laudem.
1746 2203 1801 2244 Et
1825 2201 1948 2260 quic-

424 2277 531 2336 quid
563 2277 693 2319 datur
731 2275 938 2333 indignis,
982 2274 1194 2333 perditur.
1232 2275 1286 2316 Et
1319 2273 1394 2332 qui
1436 2273 1580 2316 fundit
1613 2274 1726 2315 ultra
1771 2272 1949 2315 modum

422 2348 598 2391 divicias
620 2363 733 2398 suas,
767 2358 883 2389 certo
918 2345 1061 2388 veniet
1098 2345 1153 2387 ad
1183 2361 1325 2386 amara
1363 2344 1508 2386 littora
1543 2343 1824 2402 paupertatis.
1860 2342 1949 2397 Qui

423 2435 523 2462 vero
544 2419 619 2461 dat
640 2420 752 2460 bona
780 2417 900 2476 regni
923 2417 989 2459 sui
1013 2415 1203 2474 indignis
1224 2427 1266 2457 et
1294 2431 1380 2457 non
1403 2414 1716 2473 indigentibus,
1748 2413 1844 2456 talis
1875 2430 1950 2456 rex

423 2501 488 2533 est
522 2488 812 2548 depopulator
846 2487 1085 2546 reipublice
1118 2498 1160 2528 et
1195 2486 1439 2528 destructor
1473 2485 1593 2544 regni
1627 2496 1670 2527 et
1707 2484 1945 2542 regiminis

424 2561 552 2603 Unde
590 2571 633 2602 et
664 2559 874 2618 prodigus
912 2558 1172 2616 appellatur,
1206 2573 1255 2599 eo
1291 2557 1408 2615 quod
1448 2555 1597 2615 procul
1640 2567 1704 2598 est
1747 2572 1769 2597 a
1810 2554 1949 2613 provi-

424 2630 590 2674 dencia.
617 2630 702 2672 Sed
729 2629 806 2687 qui
827 2629 901 2671 dat
922 2639 1115 2686 tempore
1138 2627 1419 2679 necessitatis,
1444 2627 1498 2668 de
1521 2625 1645 2668 bonis
1672 2625 1778 2676 suis,
1813 2624 1948 2667 homi·

426 2702 555 2745 nibus
585 2700 899 2760 indigentibus,
938 2699 1033 2741 talis
1072 2715 1146 2740 rex
1188 2709 1251 2740 est
1286 2697 1445 2740 nobilis
1474 2696 1554 2739 sibi
1586 2707 1629 2738 et
1664 2695 1866 2747 subditis,
1908 2706 1951 2737 et

425 2774 520 2830 ejus
554 2787 736 2830 regnum
771 2769 1114 2829 prosperabitur,
1147 2780 1190 2811 et
1216 2785 1367 2811 omnes
1396 2770 1490 2826 ejus
1524 2766 1688 2810 subditi
1730 2777 1860 2809 erunt
1897 2765 1951 2808 ad

427 2859 555 2886 suum
578 2842 786 2901 placitum
814 2852 857 2883 et
877 2851 1144 2899 preceptum.
1171 2839 1272 2890 Sed,
1298 2839 1475 2881 domine
1495 2854 1586 2889 rex,
1615 2837 1650 2879 si
1678 2839 1789 2879 bene
1807 2836 1950 2879 consi-

427 2913 598 2955 derares
617 2928 743 2972 posse
769 2923 911 2963 tuum,
942 2927 1029 2953 non
1062 2910 1223 2968 poteris
1252 2909 1484 2951 immensas
1512 2908 1648 2951 facere
1668 2906 1946 2950 donaciones.

430 2985 488 3026 Ut
507 2984 623 3026 enim
650 2982 941 3025 communiter
961 2981 1134 3034 dicitur,
1156 2981 1303 3023 omnia
1328 2981 1439 3022 bona
1462 2991 1534 3022 tua
1558 2978 1734 3021 mobilia
1755 2993 1842 3019 non
1864 2976 1951 3020 suf·

430 3054 583 3097 ficiunt
609 3054 661 3096 ad
682 3052 826 3095 debita
855 3064 926 3095 tua
949 3051 1230 3111 persolvenda
1252 3062 1295 3093 et
1320 3051 1464 3093 debita
1487 3049 1621 3109 patris
1650 3048 1728 3099 tui,
1763 3047 1816 3090 ad
1847 3063 1949 3106 quo-

432 3141 529 3167 rum
566 3123 833 3167 solucionem
866 3133 911 3166 tu
946 3121 1120 3165 teneris.
1154 3123 1207 3164 Et
1242 3121 1337 3164 ideo
1369 3136 1538 3164 necesse
1565 3119 1712 3172 habes,
1748 3133 1896 3160 cavere
1927 3133 1949 3159 a
