2444 3750
282 539 437 585 niunt.
467 559 488 583 «
512 541 618 585 Non
644 536 781 584 facile
813 546 970 602 potest
998 538 1200 595 narrari,
1234 535 1389 600 inquit
1419 533 1687 582 Florentius
1709 536 1808 584 Wi-

286 649 307 672 «
346 628 612 692 gornensis,
643 627 832 673 miseria
859 644 1005 691 quam
1033 626 1256 673 sustinuit
1283 625 1372 671 isto
1394 633 1631 689 tempore,
1670 626 1810 687 (circa

291 737 310 762 «
346 734 527 764 annum
586 718 722 777 1104)
778 724 904 763 terra
963 716 1227 780 Anglorum
1285 723 1484 780 propter
1537 715 1811 762 exactiones

287 827 308 851 «
346 806 538 870 regias¹·
573 825 591 849 »

348 894 485 942 Multi
504 911 696 959 nempe,
720 895 802 958 qui
820 910 983 958 regem
1003 894 1266 940 Henricum
1299 893 1390 940 iter
1407 892 1680 951 facientem,
1715 895 1812 942 sive

283 993 335 1031 ut
351 984 453 1047 ejus
479 983 701 1041 ministri,
732 983 830 1030 sive
857 991 910 1030 ut
935 984 1073 1030 amici
1101 981 1473 1040 comitabantur,
1502 983 1699 1047 quando
1728 1000 1814 1048 per

283 1073 491 1138 aliquam
505 1072 666 1119 villam
687 1071 971 1130 transibant,
996 1090 1092 1118 non
1115 1080 1340 1137 poterant
1359 1089 1408 1119 se
1429 1073 1680 1119 continere
1695 1073 1813 1137 quin
1846 1106 1850 1110 ,

283 1163 443 1209 omnia
471 1161 580 1208 inde
607 1162 823 1226 pessimis
849 1178 958 1208 cum
989 1161 1171 1224 injuriis
1191 1160 1472 1226 diriperent.
1504 1164 1631 1208 Dum
1653 1170 1814 1208 autem

284 1260 471 1317 reperta
501 1252 548 1297 in
575 1250 808 1316 hospitiis,
839 1268 963 1315 quae
998 1249 1307 1308 invadebant,
1337 1251 1530 1315 penitus
1562 1249 1815 1298 absumere

287 1358 384 1387 non
406 1339 643 1396 valebant,
668 1357 723 1387 ea
750 1349 831 1387 aut
852 1340 910 1386 ad
933 1339 1107 1398 forum,
1132 1357 1219 1405 per
1238 1338 1432 1386 eosdem
1460 1340 1587 1404 ipsos
1607 1357 1815 1404 quorum

286 1446 362 1476 res
388 1437 545 1485 erant,
575 1446 662 1494 pro
689 1446 775 1475 suo
796 1428 930 1476 lucro
959 1427 1084 1475 ferre
1117 1446 1172 1476 ac
1197 1427 1429 1486 vendere,
1459 1437 1542 1475 aut
1567 1429 1816 1494 supposito

287 1520 395 1583 igne
425 1535 658 1576 cremare,
700 1527 782 1564 aut
809 1519 846 1563 si
886 1527 1027 1583 potus
1062 1526 1206 1575 esset,
1238 1516 1345 1564 lotis
1378 1517 1552 1564 exinde
1578 1534 1816 1582 equorum

288 1624 484 1654 suorum
514 1606 733 1672 pedibus,
773 1606 1020 1654 residuum
1050 1606 1176 1652 illius
1214 1623 1300 1671 per
1334 1614 1509 1653 terram
1542 1605 1812 1664 effundere,

287 1705 368 1743 aut
394 1695 554 1760 aliquo
580 1695 672 1742 alio
699 1695 844 1742 modo
871 1694 1148 1760 disperdere
1169 1694 1434 1742 solebant¹.
1466 1698 1602 1755 Quae
1621 1712 1732 1742 cum
1754 1696 1817 1742 ita

288 1793 467 1842 essent,
487 1801 609 1831 nova
630 1783 868 1849 quaedam
883 1783 1184 1831 consuetudo
1202 1792 1368 1831 notatu
1387 1801 1501 1831 sane
1519 1784 1814 1848 dignissima,

288 1873 517 1937 paulatim
539 1890 731 1939 serpere
754 1875 929 1939 coepit,
958 1891 1104 1938 quam
1128 1873 1399 1920 luculenter
1428 1874 1627 1938 exponit
1654 1874 1818 1920 Ricar-

289 1961 394 2020 dus,
419 1962 771 2009 Londoniensis
788 1963 1059 2027 episcopus,
1083 1963 1131 2008 in
1158 1961 1359 2026 Dialogo
1385 1962 1445 2010 de
1473 1963 1721 2010 Scaccario
1737 1963 1768 2009 ³.

354 2051 606 2109 Nimirum,
629 2052 677 2097 in
705 2052 945 2116 primitivo
966 2051 1103 2115 regni
1131 2059 1253 2097 statu
1278 2060 1384 2116 post
1415 2052 1819 2116 conquisitionem

291 2138 498 2202 regibus,
528 2139 587 2186 de
607 2138 766 2186 fundis
784 2140 899 2198 suiS,
931 2157 1027 2186 non
1049 2140 1153 2186 auri
1175 2139 1248 2186 vel
1270 2141 1453 2204 argenti
1476 2142 1709 2204 pondera,
1735 2139 1820 2186 sed

292 2228 390 2274 sola
416 2227 637 2275 victualia
665 2227 993 2286 solvebantur,
1018 2245 1076 2274 ex
1103 2227 1277 2293 quibus
1299 2229 1346 2274 in
1377 2246 1489 2275 usus
1516 2228 1820 2293 quotidianos

348 2391 383 2428 1.
416 2388 596 2426 Florentii
609 2388 871 2438 Wigornensis
886 2388 1063 2426 monachi
1078 2389 1283 2427 chronicon
1294 2402 1345 2425 ex
1358 2389 1561 2434 chronicis,
1580 2396 1606 2426 t.
1626 2390 1677 2433 ΙΙ,
1698 2402 1737 2440 p.
1755 2389 1819 2428 53.

291 2470 341 2476 —
370 2447 441 2486 Cui
466 2448 653 2485 consentit
683 2449 904 2492 Eadmerus,
938 2450 1112 2485 Historia
1141 2462 1334 2492 novorum,
1359 2448 1427 2486 lib.
1454 2450 1517 2493 IV,
1546 2462 1584 2499 p.
1611 2450 1700 2487 171.
1730 2478 1738 2486 .
1765 2450 1824 2486 ,ln

230 2531 236 2544 ι
292 2507 476 2558 pecuniae
497 2506 734 2551 collectione,
758 2507 885 2544 nullus
911 2507 951 2543 in
980 2507 1249 2545 collectoribus
1273 2507 1425 2558 pietatis
1444 2515 1509 2545 aut
1538 2507 1824 2545 misericordiae

293 2573 486 2616 respectus
510 2565 593 2609 fuit,
617 2567 684 2603 sed
704 2566 870 2604 crudelis
887 2574 923 2603 et
949 2566 1126 2604 immanis
1156 2567 1305 2604 exactio
1338 2580 1454 2617 super
1479 2580 1624 2613 omnes,
1650 2575 1691 2603 ut
1711 2567 1824 2604 nobis

294 2625 360 2675 qui
381 2624 470 2662 inde
490 2624 693 2662 veniebant
712 2625 964 2669 testabantur,
987 2625 1210 2664 desaevit...
1247 2626 1416 2670 Videres,
1448 2626 1546 2663 sicut
1571 2626 1738 2670 aiebant,
1762 2639 1826 2663 eos

294 2683 360 2734 qui
381 2683 537 2733 quidem
558 2696 633 2720 non
652 2683 844 2721 habebant
864 2684 958 2734 quid
979 2685 1128 2729 darent,
1152 2693 1218 2722 aut
1239 2699 1258 2722 a
1274 2685 1352 2722 suis
1373 2685 1615 2722 domunculis
1635 2685 1739 2735 pelli,
1761 2693 1827 2722 aut
1892 2719 1894 2722 ,

295 2742 436 2779 avulsis
455 2742 735 2792 asportatisque
764 2742 871 2780 ostiis
891 2743 1109 2787 domorum,
1142 2743 1293 2794 penitus
1315 2743 1556 2794 diripiendos
1576 2744 1732 2794 exponi,
1760 2752 1826 2782 aut

294 2801 419 2838 ablata
453 2801 517 2837 vili
551 2801 788 2852 supellectili,
831 2801 870 2840 in
903 2815 1086 2839 summam
1119 2803 1319 2853 penuriam
1353 2803 1491 2852 redigi,
1515 2810 1580 2840 aut
1608 2811 1708 2840 certe
1742 2803 1827 2840 aliis

296 2867 410 2909 atque
436 2859 519 2897 aliis
542 2861 822 2898 miserabilibus
853 2861 975 2898 modis
1009 2861 1125 2911 affligi
1158 2869 1194 2898 et
1220 2862 1434 2900 cruciari...
1462 2863 1535 2899 Sed
1562 2862 1656 2898 haec
1683 2861 1731 2898 ab
1751 2862 1825 2898 ali-

297 2918 437 2969 quibus
453 2918 551 2955 levia
583 2919 688 2956 dictu
719 2921 874 2957 fortasse
903 2920 1218 2965 aestimabuntur,
1241 2933 1287 2958 eo
1307 2922 1411 2971 quod
1433 2920 1501 2957 ista
1519 2933 1595 2957 non
1616 2926 1736 2958 solum
1754 2921 1826 2958 sub

299 2989 385 3026 rege
416 2978 595 3023 HenricO,
619 2980 685 3016 sed
712 2987 748 3016 et
774 2979 910 3016 horum
936 2987 972 3016 et
997 2979 1136 3017 similia
1157 2979 1273 3016 multa
1305 2980 1401 3017 facta
1426 2980 1579 3017 fuerunt
1607 2979 1679 3016 sub
1713 2981 1826 3017 fratre

299 3033 395 3086 ejus,
419 3043 460 3072 ut
483 3037 532 3073 de
552 3045 658 3087 patre
679 3045 836 3076 taceam.

352 3095 388 3131 2.
421 3095 717 3145 Archaeologla,
738 3104 766 3136 t.
787 3099 893 3141 VIII,
917 3110 955 3147 p.
981 3098 1075 3137 336.

302 3212 332 3249 V
356 3154 391 3190 3.
426 3155 487 3190 W.
511 3154 665 3199 stubbs,
691 3159 818 3192 Select
840 3157 1030 3206 Chartam,
1057 3159 1244 3207 Dialogus
1268 3158 1316 3194 de
1338 3158 1563 3206 Scaea-ario,
1585 3157 1652 3196 lib.
1677 3158 1707 3203 Ι,
1736 3170 1822 3208 cap.

337 3213 406 3258 111,
430 3225 470 3262 p.
497 3214 589 3252 193.
1075 3221 1086 3234 ⁴

1615 3294 1636 3329 3
