2444 3750
1279 395 1491 436 -76-

622 528 709 558 cur
734 529 819 559 rex
845 529 871 559 a
901 511 1040 559 donis
1070 528 1121 559 se
1146 511 1401 571 abstineat,
1436 511 1520 559 sed
1551 513 1618 559 eis
1652 519 1842 559 tantum
1871 512 2145 562 hominibus

623 598 703 646 illa
743 600 987 664 largiatur,
1025 601 1109 665 qui
1148 599 1395 648 beneficiis
1431 600 1561 665 digni
1601 601 1727 648 sint:
1771 602 1916 665 «‘qui
1944 600 2144 667 largitur

622 688 752 735 enim
789 687 915 735 dona
955 705 1040 735 sua
1081 705 1179 735 non
1215 687 1536 753 indigentibus
1585 688 1660 736 vel
1706 687 1928 752 indignis,
1963 689 2147 738 nullam

622 775 831 841 adquirit
850 776 938 824 sibi
958 776 1170 824 laudem¹
1205 797 1226 821 »
1238 812 1248 823 .

687 868 938 925 Quaenam
997 874 1108 913 sunt
1164 866 1372 913 rationes
1424 864 1598 930 quibus
1651 874 1902 913 moveatur
1957 875 2148 932 oportet

621 953 902 1012 Edwardus,
926 962 978 1000 ut
998 970 1085 1000 suo
1105 971 1305 1001 munere
1332 954 1463 1018 regio
1490 962 1619 1000 recte
1638 953 1893 1018 fungatur?
1913 955 2143 1014 Primum,

621 1043 659 1089 si
684 1042 762 1104 jus
789 1041 947 1106 aliquo
975 1041 1119 1088 modo
1141 1041 1359 1100 violaret,
1388 1043 1575 1106 ingrato
1601 1042 1760 1088 animo
1784 1059 1899 1090 sane
1927 1059 1978 1090 se
2005 1059 2146 1108 prae-

620 1129 757 1177 beret
786 1131 833 1176 in
869 1133 1045 1188 Deum,
1074 1146 1184 1177 cum
1210 1129 1269 1177 ab
1295 1133 1363 1176 Eo
1396 1138 1468 1177 tot
1493 1146 1548 1176 ac
1581 1138 1713 1176 tanta
1743 1128 1976 1178 beneficia
2009 1147 2147 1179 acce-

621 1218 790 1283 perit².

689 1306 830 1366 Quod
859 1307 897 1353 si
926 1306 1271 1354 beneficiorum
1309 1307 1539 1353 memoria
1566 1306 1770 1353 decursu
1799 1307 2028 1371 temporis
2062 1305 2145 1353 fri-

623 1395 750 1459 guit3
805 1394 975 1442 saltem
1021 1412 1082 1442 ne
1119 1411 1383 1456 poenarum
1433 1395 1573 1442 timor
1609 1393 1851 1441 oblivione
1900 1393 2143 1459 langueat,

627 1504 648 1527 «
681 1482 796 1529 nihil
818 1484 947 1529 enim
966 1484 1142 1529 certius
1161 1491 1332 1541 morte,
1363 1482 1477 1528 nihil
1500 1483 1725 1529 incertius
1745 1482 1862 1529 hora
1883 1482 2073 1529 mortis³
2097 1501 2142 1529 ».

627 1591 648 1615 «
683 1571 771 1619 Ubi
791 1580 903 1618 sunt
922 1571 1156 1636 profecto,
1185 1571 1264 1617 ubi
1296 1580 1408 1617 sunt
1433 1579 1671 1617 amatores
1700 1571 1886 1628 mundi,
1920 1571 2004 1635 qui
2034 1579 2147 1618 ante

622 1677 773 1724 pauca
797 1668 1072 1724 tempora...
1097 1660 1269 1706 erant?
1293 1659 1425 1707 Nihil
1446 1676 1505 1706 ex
1525 1661 1592 1706 eis
1612 1660 1839 1706 remansit
1850 1660 1942 1705 'nisi
1961 1660 2148 1706 cineres

622 1757 670 1796 et
692 1748 900 1795 vermes⁶
922 1768 966 1795 ».

689 1836 804 1895 Sed,
838 1846 890 1883 ut
921 1837 1106 1901 integre
1140 1853 1249 1882 suas
1278 1845 1437 1901 partes
1473 1837 1722 1894 sustineat,
1757 1844 1810 1882 ut
1844 1836 2066 1883 ostendat
2095 1852 2147 1883 se

622 1925 821 1990 dignum
861 1943 948 1972 suo
975 1926 1188 1982 nomine,
1229 1941 1313 1971 rex
1342 1942 1439 1971 non
1474 1924 1618 1972 debet
1646 1924 1978 1972 tantummodo
2013 1923 2147 1971 cordi

624 2013 804 2061 habere
835 2023 886 2060 ut
925 2014 1050 2060 viam
1080 2031 1214 2060 suam
1247 2014 1427 2078 optime
1466 2013 1761 2070 moderetur,
1798 2012 1881 2060 sed
1914 2013 2057 2059 etiam
2098 2020 2150 2059 ut

625 2103 867 2149 ministros
896 2118 1007 2148 suos
1034 2102 1254 2158 instruat,
1284 2101 1472 2164 dirigat,
1503 2101 1712 2163 adjuvet,
1741 2100 1989 2165 corrigat¹⁵.
2027 2103 2150 2147 Cum

623 2200 787 2239 autem
821 2199 1027 2255 nequeat
1059 2207 1312 2255 personam
1344 2198 1392 2237 et
1421 2198 1581 2254 partes
1610 2206 1729 2254 quas
1759 2189 1969 2254 suscepit
2005 2204 2149 2235 accu-

624 2281 859 2327 ratissime
892 2296 1138 2344 peragere,
1169 2279 1286 2343 quin
1322 2278 1525 2325 aliorum
1563 2279 1739 2324 auxilio
1764 2277 1978 2346 juysetum
2007 2275 2151 2324 debet

625 2368 686 2415 ad
725 2385 774 2415 se
810 2384 981 2414 vocare
1020 2366 1106 2414 sibi
1144 2367 1339 2413 comites
1377 2374 1425 2412 et
1460 2367 1636 2412 amicos
1684 2365 1961 2429 adjungere,
2005 2365 2148 2422 viros,

626 2474 682 2504 ea
729 2456 1001 2520 prudentia,
1038 2473 1093 2502 ea
1133 2454 1461 2518 magnitudine
1500 2454 1646 2500 animi
1685 2453 1943 2518 praeditos,
1987 2453 2071 2517 qui
2103 2453 2150 2498 in

627 2544 918 2592 difficillimis
964 2561 1124 2590 rerum
1163 2542 1414 2590 eventibus
1452 2559 1613 2607 regem
1657 2543 1753 2588 suis
1796 2541 2003 2587 consiliis
2047 2557 2151 2587 mo-

630 2642 795 2690 neant,
836 2634 975 2696 eique
1006 2632 1282 2696 diligentem
1314 2648 1455 2695 opem
1489 2629 1778 2677 conferant⁶.
1817 2629 1943 2689 Quid
1979 2628 2153 2693 plura?

631 2724 801 2767 Nonne
828 2721 944 2767 haec
970 2721 1128 2766 omnia
1157 2720 1465 2783 antiquorum
1492 2719 1704 2764 virorum
1731 2725 1982 2782 praecepta
2009 2716 2152 2763 redo-

688 2881 954 2929 1.B§X111.
1050 2912 1055 2919 .

684 2942 723 2979 2.
751 2939 1029 2988 A§‘2.B§1.

686 2999 873 3047 3.13§1.

686 3058 912 3105 4.A§4a

688 3117 885 3164 5.A§1.

689 3177 726 3214 6.
758 3174 1170 3224 A§47.B§XX111.
