2444 3750
983 363 1196 404 -59-

392 483 595 531 Statuit¹
630 482 809 531 scilicet
849 490 900 530 ut
929 482 1006 546 jus
1046 483 1285 547 prisarum
1309 482 1407 545 jam
1435 499 1533 530 non
1571 483 1631 531 ad
1656 487 1851 549 quosvis

322 573 522 620 comites
536 580 583 619 et
594 572 850 637 principes,
866 579 919 618 ut
934 572 1202 636 praeteritis
1216 571 1514 636 temporibus
1528 571 1630 620 fieri
1645 572 1846 633 solebat,

321 660 406 709 sed
425 669 612 708 tantum
639 660 699 707 ad
718 677 900 725 regem,
929 660 988 707 ad
1015 661 1229 725 reginam
1258 668 1307 707 et
1332 660 1391 707 ad
1418 661 1595 725 regiam
1621 660 1849 711 familiam

320 751 586 815 pertineret
601 749 616 772 ²
637 767 650 808 ς
677 766 735 796 eo
761 748 957 796 tandem
979 748 1272 796 liberalitatis
1291 748 1487 796 devenit
1507 750 1766 798 Edwardus
1782 755 1849 798 III

322 847 375 886 ut
395 846 567 904 sponte
586 855 689 896 sua,
722 837 920 896 nullius,
947 846 999 885 ut
1018 837 1284 896 dicebatur,
1306 837 1554 886 voluntate
1570 839 1847 906 compulsus

323 926 411 974 sibi
438 927 781 974 tantummodo
807 928 1099 993 reginaeque
1124 927 1275 993 prisas
1295 927 1584 975 concederet
1600 929 1631 976 ³.

384 1020 456 1063 Ita
481 1015 705 1081 serpebat
728 1016 846 1063 illud
884 1016 1032 1063 veluti
1077 1017 1272 1062 insitum
1309 1016 1358 1063 in
1396 1024 1566 1063 natura
1615 1034 1846 1083 procura-

320 1113 483 1152 torum
516 1105 717 1163 malum,
753 1104 1105 1152 consuetudine
1133 1104 1365 1170 peccandi
1396 1104 1563 1163 libera,
1610 1114 1663 1153 ut
1701 1105 1856 1154 finem‘

320 1193 546 1241 audaciae
574 1202 784 1241 statuere
805 1195 894 1259 ipsi
927 1193 1014 1241 sibi
1044 1211 1140 1241 non
1169 1202 1384 1259 possent.
1408 1194 1681 1242 Veniebant
1707 1197 1847 1260 igitur

324 1302 345 1326 «
375 1299 487 1328 cum
518 1281 646 1328 falsis
672 1282 1089 1329 commissionibus
1126 1302 1170 1340 »,
1203 1282 1462 1331 veniebant
1486 1284 1647 1348 plures
1683 1285 1843 1343 simul,

318 1371 562 1434 conjuncti
601 1371 796 1436 quidem
839 1372 885 1417 in
931 1371 1074 1418 lucris
1119 1380 1264 1436 atque
1307 1372 1463 1431 furtis,
1511 1382 1760 1420 consortes
1798 1382 1847 1421 et

320 1459 545 1506 simillimi
570 1461 803 1524 nequitia,
827 1460 1151 1526 improbitate,
1181 1461 1377 1508 audacia
1398 1479 1410 1519 ς
1434 1462 1516 1526 qui
1542 1479 1653 1508 cum
1680 1462 1738 1509 ad
1765 1462 1842 1509 ali-

319 1565 464 1614 quem
502 1550 742 1607 venirent,
783 1566 895 1596 eum
944 1550 1007 1607 vi,
1049 1549 1192 1607 malo,
1235 1549 1385 1615 plagis
1428 1550 1752 1608 adducebant,
1794 1560 1847 1598 ut

318 1636 560 1684 bonorum
599 1637 753 1695 daret,
791 1656 889 1685 non
919 1647 1155 1703 quantum
1188 1638 1334 1686 vellet
1372 1647 1454 1686 aut
1498 1638 1714 1697 haberet,
1761 1640 1843 1687 sed

318 1735 554 1790 quantum
570 1736 842 1792 cogeretur.
868 1728 951 1774 His
972 1728 1166 1775 tandem
1186 1727 1278 1775 hoc
1292 1727 1576 1794 opponitur‘
1596 1745 1606 1775 :
1625 1729 1843 1788 Quoties·

317 1831 525 1881 cumque
555 1817 602 1863 in
625 1825 892 1881 posterum,
928 1818 1123 1864 nomine
1152 1818 1294 1881 regis,
1330 1818 1538 1882 reginae,
1569 1817 1644 1865 vel
1674 1834 1843 1865 eorum

372 1985 408 2021 1.
442 1987 520 2020 Rot.
546 1985 671 2029 ParL,
695 1990 722 2021 t.
751 1984 802 2026 ll,
830 1995 869 2034 p.
896 1985 958 2022 62.

369 2043 405 2079 ι2.
440 2046 540 2079 Stat.
567 2044 586 2079 5
610 2043 719 2080 Edw.
751 2047 821 2088 III,
854 2055 939 2094 cap.
978 2044 1027 2087 11,
1063 2056 1101 2094 p.
1134 2044 1223 2082 266.
1258 2043 1301 2080 ΑΙ
1332 2043 1456 2081 honor
1474 2051 1511 2082 et
1532 2044 1646 2095 profit
1665 2044 1714 2082 de
1734 2051 1842 2083 notre

314 2100 467 2151 seignor
488 2101 520 2138 le
541 2101 613 2147 roi,
641 2109 678 2139 et
698 2114 772 2152 pur
803 2115 891 2152 pees
911 2109 948 2139 et
967 2101 1094 2152 quiete
1115 2102 1165 2140 de
1184 2114 1252 2140 son
1272 2102 1424 2153 poeple,
1446 2110 1483 2141 et
1508 2116 1582 2154 pur
1610 2103 1779 2141 refrener
1805 2112 1842 2142 et

315 2160 430 2211 punir
446 2159 481 2198 la
501 2159 695 2198 malveiste
709 2161 758 2198 de
772 2173 882 2207 ceux,
900 2161 937 2211 qi
959 2161 1049 2199 tielx
1069 2169 1248 2211 outrages
1268 2169 1335 2199 ont
1353 2162 1452 2208 faitz,
1476 2175 1523 2199 en
1543 2162 1768 2201 esclaundre
1788 2163 1841 2201 du

314 2219 400 2263 Roi,
415 2219 449 2257 la
469 2219 616 2269 Roigne
635 2233 675 2257 sa
695 2221 935 2271 compaigne,
950 2228 987 2258 et
1003 2221 1052 2258 de
1072 2220 1158 2258 lour
1177 2221 1342 2265 enfantz‚
1359 2222 1520 2259 accorde
1540 2229 1609 2270 est,
1631 2229 1668 2260 et
1687 2222 1838 2270 establi‚

313 2290 360 2329 qe
379 2278 432 2316 les
452 2278 572 2329 prises
593 2286 629 2316 et
648 2292 898 2330 purveances‚
919 2292 959 2317 se
971 2281 1093 2318 facem
1106 2293 1180 2331 pur
1199 2280 1252 2317 les
1271 2280 1349 2317 ditz
1371 2280 1546 2326 Hostelx‚
1569 2294 1639 2332 par
1658 2281 1738 2332 pris
1758 2281 1837 2330 fait,

312 2350 382 2388 par
401 2337 637 2376 conestables
656 2346 694 2376 et
713 2346 847 2389 quatre
868 2339 1249 2390 prudeshommes....
1269 2337 1413 2390 jurrez,
1438 2347 1474 2377 et
1492 2348 1596 2377 santz
1616 2353 1837 2380 manace....

369 2399 404 2435 3.
438 2402 539 2435 Stat.
567 2399 615 2436 36
646 2398 753 2434 Edw.
781 2402 851 2444 III,
883 2411 967 2449 cap.
1003 2399 1025 2436 2
1044 2413 1051 2435 :
1083 2399 1140 2436 for
1165 2399 1229 2436 the
1261 2398 1441 2448 grievous
1469 2399 1678 2450 complaint
1713 2399 1840 2437 which

312 2455 405 2493 bath
425 2455 521 2493 been
541 2457 653 2494 made
670 2456 712 2494 of
728 2469 940 2507 purveyors
960 2457 1002 2494 of
1017 2457 1193 2502 victua1s‚
1222 2458 1264 2495 of
1280 2458 1344 2495 the
1365 2459 1495 2496 House
1519 2458 1559 2495 of
1577 2459 1642 2497 the
1660 2459 1779 2508 King,
1802 2458 1844 2496 of

311 2515 376 2552 the
406 2507 550 2563 Queen,
577 2515 677 2553 their
703 2516 824 2553 eldest
853 2518 942 2559 Son,
975 2517 1050 2553 and
1076 2517 1119 2553 of
1139 2517 1251 2554 other
1279 2518 1414 2561 Lords,
1448 2518 1524 2555 and
1555 2517 1692 2555 Ladies
1717 2519 1761 2555 of
1775 2518 1840 2556 the

311 2573 458 2623 Realm,
482 2574 546 2612 the
566 2574 668 2624 King
684 2576 727 2612 of
743 2574 802 2612 his
821 2588 908 2612 own
926 2575 1031 2622 Will,
1059 2575 1220 2614 without
1247 2575 1391 2614 motion
1410 2576 1454 2613 of
1470 2577 1533 2614 the
1553 2578 1670 2614 Great
1689 2589 1776 2614 men
1795 2590 1840 2614 or

312 2633 528 2679 Commons,
552 2633 643 2671 bath
665 2635 826 2683 granted
845 2634 922 2672 and
942 2635 1145 2682 ordained,
1168 2635 1208 2672 in
1228 2648 1312 2673 ease
1332 2636 1375 2673 of
1390 2635 1449 2673 his
1469 2635 1621 2687 people,
1642 2636 1723 2674 that
1743 2637 1838 2674 from

312 2691 548 2738 henceforth‚
572 2705 622 2729 no
637 2705 739 2740 man,
757 2693 798 2730 of
812 2693 876 2731 the
890 2694 972 2732 said
990 2695 1135 2739 Realm,
1158 2695 1253 2732 shall
1271 2695 1370 2733 have
1380 2707 1454 2745 any
1474 2695 1636 2746 Taking,
1661 2696 1730 2734 but
1749 2695 1838 2746 only

311 2750 486 2798 Himself,
509 2752 585 2789 and
606 2752 669 2790 the
693 2755 824 2801 Queen
844 2753 904 2791 his
924 2754 1173 2805 Companion.

366 2812 402 2848 4.
437 2815 513 2848 Rot.
538 2814 665 2855 Parl..
688 2819 715 2850 t.
735 2813 784 2859 ΙΙ,
810 2826 848 2863 p.
873 2814 947 2851 258
964 2827 972 2850 z
992 2813 1104 2864 qeles
1113 2826 1348 2864 purveances
1367 2826 1414 2852 ne
1427 2814 1550 2852 soient
1571 2813 1677 2852 faites
1693 2826 1741 2852 en
1760 2826 1836 2851 ma-

311 2868 468 2907 liciouse
485 2882 637 2907 manere
658 2871 977 2917 desoreenavant;
1002 2885 1123 2917 come,
1143 2886 1255 2924 apres
1268 2886 1486 2924 purveance
1508 2873 1595 2911 faite
1614 2887 1635 2911 a
1655 2873 1689 2910 la
1707 2886 1838 2911 meson

309 2928 406 2964 d’un
427 2927 594 2974 homme,
622 2941 691 2979 par
708 2942 760 2966 un
781 2943 976 2980 purveour
995 2931 1043 2968 de
1063 2931 1224 2969 l'Hostel
1246 2945 1304 2969 ma
1319 2934 1441 2969 Dame
1463 2931 1498 2969 la
1524 2932 1658 2976 Roine,
1682 2939 1719 2969 et
1739 2933 1837 2970 ferra

310 2998 554 3036 purveaunce
574 3000 619 3024 en
642 2988 795 3026 meisme
815 2988 849 3026 le
867 2989 956 3034 lieu,
981 2997 1017 3027 et
1045 3004 1156 3041 apres
1175 3004 1227 3028 un
1258 3004 1454 3042 purveour
1473 2992 1521 3028 de
1541 2991 1700 3029 l’Hostel
1729 2993 1835 3028 Mon-

310 3044 465 3094 seignur
484 3045 518 3083 le
537 3046 671 3083 Prince
691 3060 738 3084 en
760 3047 915 3085 meisme
944 3049 977 3086 le
1006 3049 1080 3086 lieu
1111 3065 1119 3087 :
1153 3050 1265 3100 quele
1296 3063 1448 3087 manere
1477 3050 1526 3087 de
1554 3050 1656 3101 prise
1675 3058 1731 3088 est
1750 3058 1836 3102 trop

311 3116 498 3152 grevouse
517 3117 565 3141 au
590 3105 742 3156 poeple.
772 3109 819 3150 A,
844 3108 884 3156 ξς
905 3110 943 3152 9,
971 3109 1041 3153 17;
1064 3131 1114 3136 —
1132 3113 1210 3148 Roc.
1234 3112 1342 3149 Parl.
1371 3116 1399 3146 t.
1416 3110 1464 3154 ΙΙ,
1491 3122 1529 3161 p.
1558 3111 1646 3148 169.
1666 3114 1832 3148 —Stat.

315 3166 362 3210 V,
389 3163 439 3201 25
458 3164 566 3202 Edw.
592 3169 662 3210 III,
689 3178 775 3218 cap.
800 3168 830 3205 Ι.
