2314 3736
1015 290 1253 332 —128—

376 379 466 421 Rex
493 377 640 432 hodie,
681 393 772 421 cras
805 377 916 420 forte
950 378 1187 432 morietur3
1215 395 1350 438 quum
1380 380 1512 423 nichil
1541 381 1704 426 cercius
1741 396 1895 437 morte,

374 449 485 491 nihil
513 448 724 492 incercius
753 449 856 491 hora
884 448 1052 492 mortis.
1090 449 1204 504 Quia
1237 449 1369 494 sicut⁸
1402 452 1524 495 stella
1557 453 1601 495 in
1637 454 1729 497 celo
1754 471 1897 499 corus-

373 535 474 562 cans
494 519 698 562 velociter
716 519 852 563 currit
877 531 920 562 et
956 533 1134 579 repente
1163 521 1334 564 deficit:
1375 533 1417 565 et
1448 523 1634 567 scintilla
1671 525 1782 584 ignis
1806 526 1897 570 cito

373 590 645 650 extinguitur
665 602 708 634 et
733 590 778 634 in
799 590 986 633 cinerem
1010 591 1222 650 redigitur
1242 608 1251 635 :
1288 593 1349 636 sic
1379 593 1465 637 cito
1487 594 1640 638 finitur
1671 596 1756 639 vita
1783 597 1896 657 regis

372 672 415 704 et
433 661 669 719 cujuslibet
688 661 864 705 alterius
888 673 930 704 et
955 662 998 704 in
1020 662 1241 721 pulverem
1262 665 1543 708 convertitur.
1571 666 1794 726 Sapientie
1809 685 1864 711 v11
1882 685 1891 713 :

371 732 508 777 Nemo
537 748 592 775 ex
623 733 798 791 regibus
824 734 952 776 aliud
980 733 1133 776 habuit
1163 738 1402 778 nativitatis
1434 739 1628 780 inicium:
1659 754 1769 780 unus
1794 755 1896 798 ergo

371 806 577 846 introitus
614 814 678 846 est
720 804 783 846 ad
824 807 954 847 vitam
988 804 1185 847 omnibus
1224 815 1264 847 et
1299 807 1453 848 similis
1483 811 1655 852 eoeisus‘.
1693 810 1749 851 Et
1780 809 1892 862 vide,

369 872 548 916 domine
580 890 671 925 rex,
707 885 750 917 et
780 874 1012 934 diligenter
1042 875 1218 918 attende
1256 876 1461 920 beneficia
1498 878 1578 920 tibi
1614 895 1637 921 a
1679 880 1773 922 Deo
1805 880 1894 923 col-

369 943 478 987 lata:
510 944 709 988 videlicet
737 945 856 1005 quod
884 946 1002 988 Deus
1029 957 1071 988 te
1094 945 1252 989 creavit
1278 946 1372 990 sine
1397 949 1626 992 commodo
1654 961 1755 993 tuo:
1791 950 1893 1010 quia

369 1025 410 1057 te
445 1031 534 1058 non
565 1014 745 1074 indiget.
784 1017 910 1069 Item,
949 1016 1042 1059 sine
1075 1017 1230 1060 merito
1258 1029 1350 1070 tuo,
1382 1019 1483 1077 quia
1511 1019 1620 1062 nihil
1656 1032 1757 1064 ante
1788 1037 1893 1081 pro-

369 1085 583 1140 meruisti,
620 1098 663 1129 et
694 1086 870 1146 penitus
891 1087 1002 1130 nihil
1034 1099 1135 1131 ante
1168 1088 1304 1132 fuisti.
1335 1091 1460 1142 Item,
1483 1090 1623 1150 cogita
1649 1092 1821 1151 qualem
1853 1103 1895 1135 te

368 1156 468 1199 fecit
486 1157 727 1201 secundum
754 1174 926 1217 corpus,
956 1158 1117 1201 scilicet
1146 1159 1360 1219 egregiam
1382 1172 1651 1216 creaturam3
1675 1173 1718 1205 et
1743 1178 1892 1206 secun-

366 1226 472 1270 dum
502 1227 693 1271 animam
727 1229 862 1289 magis
894 1229 1138 1289 egregiam3
1175 1241 1327 1290 utpote
1353 1231 1407 1273 ad
1443 1231 1676 1291 imaginem
1707 1244 1750 1276 et
1775 1233 1893 1276 simi·

366 1297 598 1341 litudinem
625 1299 707 1342 Dei
733 1311 937 1352 creatam,
968 1300 1151 1344 racionis
1171 1301 1427 1361 participem
1446 1319 1456 1356 ;
1479 1303 1763 1347 beatitudinis
1784 1320 1891 1347 sem-

367 1369 537 1428 piterne
570 1385 785 1429 capacem.
823 1371 1059 1414 Considera
1093 1371 1221 1414 etiam
1245 1372 1476 1432 diligenter
1504 1385 1546 1416 et
1573 1374 1617 1416 in
1654 1375 1783 1418 corde
1815 1386 1892 1418 tuo

369 1440 552 1492 revolve,
582 1442 759 1499 quando
792 1441 934 1501 primo
966 1459 1064 1485 cum
1085 1443 1255 1502 navigio
1287 1444 1341 1486 de
1367 1444 1564 1503 partibus
1591 1445 1891 1489 transmarinis

368 1511 523 1554 venisti
560 1511 605 1554 in
647 1523 805 1555 terram
845 1513 1006 1566 istams,
1047 1530 1179 1572 quam
1222 1515 1462 1568 humiliter,
1511 1533 1642 1575 quam
1680 1517 1886 1575 graciose,

366 1598 497 1641 quam
533 1584 701 1637 devote,
735 1600 866 1642 quam
899 1584 1083 1627 letanter
1116 1585 1305 1644 populus
1344 1586 1596 1645 anglicanus
1637 1598 1678 1629 te
1716 1587 1892 1630 admisit

365 1663 407 1695 et
434 1652 478 1695 in
505 1653 710 1696 omnibus
733 1654 854 1697 factis
875 1654 961 1697 tuis
979 1667 1128 1698 contra
1162 1656 1343 1699 rebelles
1371 1668 1482 1709 tuos,
1520 1668 1663 1700 tecum
1690 1657 1828 1700 astitit
1848 1668 1892 1700 et

361 1724 544 1782 juvavit.
570 1724 809 1768 Considera
824 1725 956 1768 eciam
971 1726 1222 1770 donacionis
1238 1727 1527 1786 potestatem⁸,
1546 1729 1733 1787 qualiter
1746 1744 1889 1771 comes

365 1795 634 1838 Lancastrie⁰
662 1796 778 1855 apud
809 1795 1019 1839 Bedfo1·d'²
1041 1798 1287 1841 humiliavit
1307 1815 1351 1841 se
1371 1798 1448 1841 tibi
1470 1799 1670 1858 genibus,
1708 1811 1756 1842 ut
1782 1799 1888 1842 dici-

364 1876 437 1908 tur
462 1866 759 1924 provolutum.
786 1868 840 1909 Et
860 1883 985 1910 causa
1008 1868 1260 1927 hujusmodi
1278 1869 1597 1913 humiliacionis
1621 1870 1702 1913 fuit
1718 1870 1888 1913 bonitas

362 1952 411 1979 ac
434 1937 636 1980 sanctitas
673 1937 789 1980 illius
825 1938 1011 1990 comitis,
1049 1950 1091 1981 et
1127 1951 1199 1982 tua
1231 1940 1498 1992 innocencia,
1540 1957 1625 1983 una
1663 1957 1761 1984 cum
1797 1957 1887 1983 ora-

363 2006 564 2050 cionibus
591 2020 840 2052 sanctorum
861 2009 1068 2053 virorum.
1095 2011 1150 2053 Et
1170 2027 1224 2053 ne
1244 2011 1386 2054 tradas
1408 2011 1617 2054 oblivioni
1638 2028 1767 2070 quam
1796 2028 1887 2072 gra-

362 2077 492 2131 ciose,
516 2095 648 2137 quam
665 2079 936 2133 miraculose,
961 2097 982 2123 a
998 2082 1193 2124 custodia
1213 2082 1360 2125 matris
1383 2094 1455 2126 tue
1476 2094 1517 2125 et
1529 2082 1714 2125 aliorum
1732 2082 1888 2126 fueris⁵

363 2149 585 2193 liberatus.
610 2150 798 2193 Adverte
818 2151 951 2194 eciam
977 2151 1225 2211 diligenter,
1255 2165 1445 2212 quantus
1469 2154 1608 2196 honor
1636 2153 1715 2196 tibi
1756 2153 1885 2196 debe-

364 2231 437 2263 tur
455 2221 510 2263 ab
530 2221 880 2281 archiepiscopis,
905 2222 1134 2282 episcopis,
1159 2225 1407 2276 abbatibus,
1438 2224 1673 2283 prioribus,
1705 2236 1747 2268 et
1771 2236 1884 2268 cete-

361 2496 401 2526 tu
424 2491 569 2538 nescis)
589 2503 660 2527 om.
683 2491 746 2527 Hb.
771 2491 933 2527 —3om.
970 2493 1014 2526 R.
1040 2513 1084 2519 —
1116 2491 1305 2540 ⁴qualiter
1341 2493 1443 2528 Deus
1472 2506 1563 2540 prae
1593 2494 1678 2529 aliis
1699 2501 1735 2529 te
1763 2495 1883 2530 subli-

361 2539 475 2574 mavit
509 2539 556 2573 ad
591 2540 734 2585 regiam
767 2540 1001 2586 dignitatem.
1035 2540 1245 2575 Considera
1276 2541 1463 2587 largitatis
1502 2542 1883 2583 administrationem,

362 2591 501 2632 quanta
521 2585 591 2620 tibi
623 2587 784 2633 largitus
811 2587 861 2621 sit
899 2588 945 2621 ad
980 2588 1307 2629 sustentationem,
1332 2594 1469 2635 quanta
1502 2590 1549 2623 ad
1580 2589 1881 2630 delectationem,

389 2638 499 2667 nanta
529 2634 575 2668 ad
606 2634 869 2675 eruditionem,
889 2640 1026 2680 quanta
1056 2636 1102 2669 ad
1134 2635 1304 2681 gratiam,
1358 2641 1468 2669 uauta
1508 2637 1553 2670 ad
1594 2637 1882 2671 correctionem.

362 2645 573 2715 {ansidera
589 2681 701 2715 etiam
715 2693 827 2728 quam
845 2681 1008 2727 benigne
1022 2682 1250 2717 venerabilis
1262 2648 1358 2717 adj.
1382 2683 1441 2723 R„
1459 2682 1518 2723 A.,
1537 2682 1589 2716 Hb
1607 2704 1655 2710 —
1674 2683 1823 2719 ⁵fueras
1838 2685 1882 2718 Β.

360 2800 419 2835 cli.
444 2800 490 2842 X,
514 2802 568 2835 11.
592 2821 639 2827 —
658 2812 690 2835 e.
715 2800 802 2847 Sap.
822 2801 906 2842 vn,
927 2803 961 2837 5.
981 2803 1061 2847 —fi
1088 2801 1292 2837 Chronicon
1315 2802 1481 2848 Galsridi
1496 2802 1527 2837 le
1544 2803 1666 2838 Baker
1683 2802 1727 2838 de
1743 2805 1883 2851 Swyne-

362 2846 482 2892 broke,
507 2860 543 2894 p.
563 2849 624 2882 21:
648 2848 783 2882 classis
805 2850 850 2883 ad
875 2849 1010 2895 Anglie
1031 2850 1158 2883 littora
1181 2855 1313 2884 ventus
1335 2850 1476 2884 directa
1498 2850 1646 2884 votivus
1673 2851 1820 2896 depulit
1845 2852 1882 2886 in

362 2900 511 2940 portum
539 2894 753 2935 Horewille,
781 2896 840 2930 die
862 2895 1021 2930 Veneris
1051 2897 1216 2942 proxima
1239 2903 1324 2931 ante
1349 2898 1484 2931 festum
1512 2897 1638 2932 Sancti
1661 2897 1880 2942 Michaelis;

362 2942 421 2975 cui
441 2954 480 2976 se
501 2942 634 2976 obvios
654 2943 991 2977 consedet-averunt
1012 2955 1137 2978 comes
1158 2943 1361 2978 mariscalli
1377 2950 1413 2978 et
1434 2944 1621 2979 Henricus
1643 2957 1768 2979 comes
1793 2945 1881 2979 Lei-

364 2989 513 3024 cestrie.
547 3009 593 3015 —
620 3002 654 3035 g.
686 2989 886 3030 Hem-icus,
918 3002 1044 3025 comes
1075 2991 1329 3031 Lancastriae‚
1362 2991 1478 3025 frater
1497 2992 1676 3032 Thomae,
1703 2992 1881 3026 decollati

365 3048 463 3070 anno
485 3038 589 3072 1322.
610 3056 654 3063 —
674 3036 710 3071 Ιι.
734 3037 913 3078 Bedford,
937 3038 1221 3083 (Lactodurum)
1240 3038 1343 3084 juxta
1363 3037 1516 3072 fluvium
1537 3040 1645 3080 Ouse,
1667 3038 1758 3073 urbs
1771 3039 1878 3086 prin-

367 3083 501 3130 cipalis
523 3084 722 3119 comitatus
743 3084 1030 3119 Bedfordensis.
