2444 3750
1192 360 1405 402 ..12-

551 477 946 523 commemoratio
989 477 1228 524 variarum
1261 479 1470 543 partium
1524 479 1734 541 justitiae
1793 495 2070 540 munerum,

550 563 611 611 ab
636 563 726 610 illis
756 563 913 611 verbis
934 581 945 611 2
975 569 1041 611 Et
1059 567 1331 613 secundum
1349 567 1443 614 hoc
1455 571 1702 631 primum,
1726 566 1787 614 ad
1812 566 1929 615 haec
1944 567 2034 615 alia
2057 585 2069 615 :

549 656 714 700 ,Iustus
732 656 863 699 enim
885 663 937 700 ut
950 657 1015 700 sis
1032 654 1064 701 ¹.

615 744 652 787 E
679 741 938 800 contrario,
963 743 989 803 ξ
1029 745 1104 800 10,
1129 741 1530 807 Cantabrigiensis
1554 742 1734 790 addidit
1759 751 1866 808 post
1886 742 2029 791 verba
2058 761 2070 791 :

554 830 819 891 Quondam
847 834 897 876 in
929 830 1117 894 Anglc'a
1148 830 1541 894 gubernantibus
1584 849 1789 895 regnum
1819 833 1966 890 istud,
1991 832 2070 879 ali-

550 935 697 982 quam
723 918 1053 976 sententiam²‚
1076 935 1200 983 quae
1219 935 1317 965 non
1343 920 1583 984 reperitur
1603 919 1712 966 alibi
1734 921 1885 967 necin
1911 920 2075 968 codice

550 1005 813 1070 Digbiensi‚
843 1023 932 1054 nec
952 1007 1000 1052 in
1023 1006 1121 1053 ullo
1141 1006 1234 1054 alio
1254 1007 1435 1055 codice.
1461 1011 1726 1066 Postremo,
1749 1009 1978 1055 omissum
2003 1018 2075 1057 est

552 1095 600 1140 in
643 1094 1021 1160 Cantabrigiensi
1060 1094 1198 1154 illud,
1223 1095 1353 1160 quod
1379 1112 1438 1143 ex
1467 1096 1721 1144 Aristotele
1745 1096 1970 1144 traditum
2002 1105 2075 1144 est

551 1182 806 1230 consilium
840 1183 900 1231 de
938 1185 1208 1231 reverentia
1245 1202 1340 1248 qua
1372 1184 1677 1250 accipiendae
1704 1194 1816 1232 sunt
1831 1187 2075 1233 seniorum

552 1272 882 1319 monitiones³.
1304 1266 1312 1272 ⁹

619 1360 783 1407 Codex
809 1361 1144 1419 Cottonianus‚
1181 1364 1423 1408 Faustina
1461 1365 1496 1408 B
1531 1366 1570 1420 Ι,
1599 1361 1727 1409 haud
1765 1363 1829 1409 ita
1854 1363 1935 1409 diu
1967 1371 2076 1427 post

552 1448 879 1513 Digbiensem,
920 1450 1260 1514 transcriptum
1295 1458 1477 1496 textum
1518 1450 1746 1515 praebet3
1787 1468 1899 1497 nam
1942 1460 2075 1498 uter-

554 1554 648 1602 que
666 1538 874 1602 pertinet
894 1537 953 1584 ad
979 1547 1242 1584 extremam
1279 1547 1464 1603 partem
1502 1538 1678 1585 saeculi
1707 1556 1798 1586 xiv.
1828 1543 2075 1586 Tractatus

552 1627 843 1690 epigramma
865 1626 931 1673 sic
957 1643 1007 1673 se
1034 1625 1177 1673 habet
1201 1627 1538 1673 :Eoelzortaeio
1567 1627 1639 1673 ad
1660 1631 1838 1691 Regem
1858 1631 1905 1674 E
1907 1628 2074 1674 devar-

554 1715 674 1761 dum
693 1718 774 1760 III
798 1715 861 1761 de
890 1715 1060 1779 officio
1087 1718 1245 1778 Regis,
1277 1715 1340 1761 de
1364 1715 1509 1761 malis
1552 1716 1890 1773 emendandis,
1931 1727 1978 1762 et
2012 1716 2075 1763 de

545 1802 742 1867 populo
778 1803 899 1849 bene
933 1803 1166 1866 regendo,
1187 1820 1288 1866 per
1307 1806 1555 1850 Simonem
1590 1803 1711 1867 Islc'p
1742 1804 2072 1868 archiepisco-

543 1909 672 1955 pum
701 1894 1128 1938 Cuntuarc'ensem.

619 1983 860 2038 Attamen,
889 1980 927 2026 si
954 1980 1175 2026 Faustina
1197 1988 1412 2044 tempore
1452 1980 1646 2044 propius
1674 1979 1854 2027 accedit
1880 1980 1940 2027 ad
1966 1982 2071 2045 Dig-

554 2068 768 2115 biensem
797 2085 943 2132 quam
975 2067 1395 2132 Cantabrigiensis‚
1429 2067 1617 2132 longius
1664 2077 1824 2115 tamen
1854 2068 2070 2128 discedit,

555 2157 593 2203 si
614 2156 918 2220 transcriptio
934 2157 1033 2220 ipsa
1054 2155 1345 2202 attendatur.
1375 2156 1563 2202 Etenim
1583 2155 1736 2202 multo
1751 2156 1915 2221 plures
1928 2158 2075 2204 varie-

556 2253 675 2292 tates
707 2244 966 2292 lectionum
988 2244 1198 2309 colliges,
1221 2243 1373 2290 multo
1395 2243 1533 2308 plura
1553 2243 1737 2291 sublata
1765 2246 1908 2310 etiam
1940 2254 2070 2304 sunt,

555 2334 839 2399 praesertim
855 2332 1001 2380 verba
1031 2333 1303 2398 Scripturae
1330 2348 1507 2390 sacrae,
1532 2340 1580 2379 et
1600 2331 1691 2380 loci
1707 2315 1990 2380 communes
2006 2333 2036 2380 ⁴.

619 2422 839 2469 Tandum
859 2421 1337 2468 animadvertendum
1348 2421 1480 2467 venit
1494 2419 1739 2467 librarium
1759 2422 1841 2485 qui
1860 2421 2074 2469 codicem

556 2511 829 2557 Faustinam
850 2511 1035 2575 scripsit
1047 2511 1275 2574 partitum
1297 2525 1401 2556 esse
1421 2509 1687 2572 Speculum
1710 2513 1854 2573 Regis
1884 2510 1931 2556 in
1949 2511 2071 2575 capi-

556 2597 674 2656 tula,
703 2598 833 2663 quod
856 2614 944 2646 nec
962 2598 1009 2644 in
1035 2597 1297 2662 Digbiensi‚
1322 2613 1412 2644 nec
1439 2597 1485 2642 in
1508 2596 1776 2662 Cleopatra,
1808 2614 1896 2645 nec
1918 2598 1963 2644 in
1984 2602 2072 2646 Ve-

557 2695 658 2734 tere
681 2687 844 2751 Regio,
872 2686 1048 2734 factum
1070 2695 1158 2733 est.

612 2907 647 2942 1.
680 2907 711 2942 A
732 2905 752 2953 g
772 2907 807 2944 1.

609 2964 647 3000 2.
679 2966 712 3000 A
731 2963 752 3012 §
775 2965 836 3002 10.

613 3023 648 3061 3.
681 3024 713 3059 A
731 3023 750 3071 g
770 3023 836 3060 47.

612 3082 650 3118 4.
684 3082 787 3119 Haec
807 3081 944 3120 omissa
965 3081 1136 3119 invenies
1158 3081 1362 3133 praecipue
1387 3082 1407 3131 ξ
1438 3082 1474 3127 3,
1503 3080 1603 3119 circa
1630 3080 1811 3126 medium,
1845 3083 1864 3129 ξ
1887 3082 1923 3126 5,
1946 3082 1965 3130 ξ
1994 3082 2041 3118 47
2065 3093 2074 3131 3

559 3139 755 3178 adduntur
774 3148 899 3179 autem
916 3140 1042 3192 aiiqua
1063 3141 1082 3189 ξ
1107 3142 1169 3180 44.

2431 655 2444 722 :nm
2436 637 2444 643 ι
2435 583 2444 619 Δη-ι.
2433 473 2444 570 ..ι-ιιι...
