2314 3736
995 323 1232 363 —101—

411 412 492 458 16.
529 411 593 453 ¹0
616 410 792 454 domine
813 411 872 453 mi
894 427 983 462 rex,
1013 411 1121 454 scire
1147 412 1278 454 debes
1307 412 1421 471 quod
1448 411 1550 470 iiij⁰r
1571 425 1674 456 sunt
1702 426 1872 473 peccata

347 500 433 542 que
465 483 653 525 clamant
681 482 735 524 ad
763 484 906 525 Deum
934 483 987 525 de
1020 494 1148 536 terra,
1185 483 1384 526 videlicet
1423 483 1726 539 homicidium,
1761 486 1869 529 Gen.

347 555 428 613 iiij.
459 554 520 596 ait
546 554 763 596 Dominus
779 554 832 596 ad
855 554 990 612 Caym
1010 571 1018 597 ;
1050 555 1311 597 Maledictus
1323 558 1408 597 eris
1429 571 1558 612 super
1574 565 1756 610 terram,
1781 573 1877 600 ecee

347 642 429 670 vox
454 628 682 683 sanguinis
709 627 868 684 fratris
899 628 964 667 tui
989 625 1100 667 Abel
1124 626 1289 668 clamat
1314 626 1375 668 ad
1397 643 1464 667 me
1488 627 1541 667 de
1562 633 1720 672 terma.
1745 629 1872 681 Item,

346 696 649 739 innocencium
672 695 912 754 oppressio,
939 696 1078 740 Exod.
1103 696 1131 754 ij
1155 713 1162 738 :
1188 696 1397 739 Ascendit
1415 697 1581 739 elamor
1599 698 1795 755 filiorum
1817 700 1874 742 Is-

346 768 478 810 raelis
499 769 560 809 ad
579 769 712 809 Deum
741 783 846 826 quos
861 768 1113 825 gravabant
1131 769 1307 826 Egipcii
1324 769 1402 809 sub
1431 767 1614 811 laboreb.
1651 771 1776 824 Item,
1804 771 1873 813 de-

345 838 481 881 tentio
518 837 726 880 mercedis
765 838 1148 891 mercenariorum,
1186 840 1315 880 Jacob
1344 839 1500 881 ultimo
1529 856 1536 881 :
1566 841 1681 882 Eece
1713 857 1876 884 merces

344 915 645 969 operariorum
675 919 914 953 vestrorum
943 925 1025 968 que
1048 911 1264 969 fraudata
1295 920 1357 951 est
1382 927 1409 952 a
1440 911 1570 964 vobis,
1607 912 1801 957 clamat:
1834 923 1875 956 et

343 982 511 1023 clamor
538 996 684 1022 eorum
703 984 746 1022 in
766 997 897 1022 aures
919 982 1097 1023 Domini
1116 984 1346 1023 introivit0.
1373 983 1497 1033 Item,
1522 993 1747 1040 peccatum
1774 999 1873 1026 con-

344 1063 408 1094 tra
431 1062 646 1102 naturam,
674 1051 784 1094 Gen.
810 1051 936 1109 xviij:
971 1052 1151 1093 Clamor
1177 1053 1463 1094 Sodomorum
1479 1063 1519 1095 et
1535 1053 1874 1097 Gomorreorum

344 1123 667 1182 multiplicatur
681 1138 828 1164 coram
852 1122 961 1165 med.
985 1124 1040 1164 Et
1060 1123 1158 1165 dico
1181 1123 1258 1165 tibi
1281 1123 1370 1181 regi
1387 1124 1505 1181 quod
1520 1124 1664 1166 omnia
1682 1125 1873 1183 predicta

344 1204 533 1253 peccata,
576 1194 765 1236 clamant
803 1194 856 1235 ad
887 1195 1048 1246 Deum,
1090 1205 1239 1237 contra
1277 1205 1331 1238 te.
1386 1194 1535 1237 Prius2
1569 1195 1869 1248 homicidium,

346 1264 476 1309 Eccli.
501 1265 652 1323 xxxiiij
676 1281 683 1306 :
715 1267 853 1307 Panis
876 1269 1109 1323 egeneium,
1143 1269 1229 1309 vita
1242 1282 1510 1324 pauperum,
1539 1276 1579 1308 et
1605 1269 1679 1325 qui
1696 1268 1872 1326 defrau-

343 1339 417 1380 dat
455 1337 567 1389 illos,
599 1336 726 1378 homo
754 1340 981 1395 sanguinis
1007 1347 1100 1391 est,·
1123 1347 1163 1379 et
1187 1341 1263 1396 qui
1287 1338 1413 1395 offert
1447 1340 1492 1379 in
1524 1339 1685 1380 sudore
1707 1354 1871 1396 panem

343 1408 580 1451 desudanti
605 1408 731 1460 cibos,
751 1418 814 1449 est
831 1411 957 1467 quasi
980 1412 1054 1467 qui
1073 1409 1227 1451 occidit
1237 1412 1490 1466 proximum
1513 1414 1673 1451 suum0.
1701 1409 1785 1451 Sed
1805 1420 1869 1462 tu,

342 1495 419 1538 per
450 1478 672 1520 ministros
703 1489 817 1530 tuos,
861 1495 938 1537 per
971 1479 1252 1521 multimodas
1282 1478 1609 1521 commissiones
1631 1479 1691 1522 eis
1721 1480 1868 1531 factas,

342 1550 485 1592 aufers
520 1566 540 1591 a
570 1549 772 1591 subditus
806 1550 892 1592 tuis
932 1566 1104 1608 panem,
1135 1550 1377 1602 cerviciam,
1412 1566 1607 1603 avenam,
1646 1550 1794 1593 fenum
1830 1562 1873 1594 et

342 1620 422 1663 alia
452 1620 786 1663 innumerabilia
816 1632 995 1680 propter
1015 1638 1100 1679 que
1130 1621 1257 1663 multi
1292 1621 1551 1664 morientur.
1584 1622 1628 1663 2⁰
1667 1621 1871 1664 innocen-

341 1691 457 1734 cium
484 1691 723 1751 oppressi0‚
749 1703 790 1734 et
812 1694 856 1734 3⁰
884 1692 1092 1734 mercedis
1122 1692 1421 1751 operariorum
1450 1691 1663 1734 detencio.
1694 1694 1759 1735 De
1787 1691 1872 1735 hiis

343 1762 445 1805 satis
472 1774 590 1821 patet
611 1763 653 1804 in
677 1762 1001 1821 gravaminibus
1031 1763 1307 1821 supradictis,
1344 1774 1386 1804 et
1418 1774 1534 1805 totus
1563 1763 1754 1822 populus
1792 1763 1873 1805 hoc

341 1834 513 1876 clamat.
538 1835 580 1875 4⁰
602 1845 824 1892 peccatum
850 1845 999 1876 eontra
1024 1845 1240 1887 naturam,
1260 1850 1358 1876 nam
1378 1834 1704 1892 quodammodo
1719 1845 1870 1876 contra

343 1915 544 1947 naturam
565 1915 629 1946 est
649 1916 698 1947 ut
721 1905 851 1947 frater
868 1906 1063 1963 insurgat
1084 1916 1232 1947 contra
1257 1905 1449 1956 fratrem,
1466 1906 1571 1947 Mat.
1596 1905 1701 1962 xxiij
1719 1921 1726 1947 :
1752 1906 1872 1948 Unus

342 1985 405 2017 est
420 1985 556 2033 pater
585 1985 723 2019 vester
748 1979 824 2034 qui
842 1979 886 2018 in
912 1977 1015 2017 celis
1027 1975 1121 2018 ests.
1152 1976 1205 2017 Et
1226 1975 1500 2034 Augustinus
1526 1991 1534 2017 z
1563 1974 1662 2017 Filii
1686 1974 1766 2017 Dei
1802 1991 1870 2018 su-

344 2050 476 2088 musff.
498 2047 553 2089 Et
570 2048 606 2104 j⁸
625 2048 748 2089 Joan.
771 2046 815 2104 iij
837 2063 844 2088 ε
867 2047 1019 2088 Videte
1033 2047 1208 2105 qualem
1228 2050 1458 2089 caritatem
1475 2047 1592 2088 dedit
1605 2046 1871 2104 nobis-pater

344 2126 391 2159 ut
414 2117 502 2174 filii
524 2119 607 2160 Dei
624 2121 896 2160 nominemur
921 2127 961 2159 et
985 2115 1159 2160 simush.
1185 2118 1310 2168 Item,
1341 2116 1533 2159 officium
1560 2116 1672 2174 regis
1693 2127 1757 2159 est
1777 2133 1869 2159 ma-

343 2187 406 2230 los
428 2187 676 2246 opprimere
695 2199 736 2230 et
762 2189 900 2230 bonos
927 2188 1167 2239 sublevare,
1193 2199 1234 2230 et
1262 2199 1310 2230 ut
1330 2187 1433 2230 boni
1455 2187 1568 2230 inter
1595 2187 1730 2229 malos
1752 2187 1869 2246 quie-

341 2267 385 2301 te
407 2258 586 2306 vivant‘,
612 2270 654 2301 et
680 2258 840 2301 dicitur
861 2259 887 2316 ij
913 2260 1080 2317 Regum
1102 2259 1158 2316 vij
1184 2259 1303 2317 quod
1331 2258 1470 2300 David
1494 2258 1576 2300 fuit
1597 2274 1670 2300 rex
1701 2257 1870 2316 positus

343 2345 515 2388 pascere
540 2346 711 2388 gregem
742 2329 891 2388 populi
913 2329 1010 2381 Dei,
1036 2346 1124 2372 non
1147 2329 1347 2388 spoliare,
1379 2329 1453 2371 sed
1475 2340 1539 2382 tu,
1565 2345 1641 2388 per
1665 2328 1868 2371 commis·

343 2399 484 2442 siones
507 2411 616 2451 tuas,
652 2400 864 2459 opprimis
892 2401 1046 2453 bonos,
1072 2411 1114 2442 et
1137 2401 1269 2442 malos
1292 2400 1490 2442 sublevas
1519 2411 1561 2442 et
1587 2398 1801 2451 defendis,
1828 2410 1871 2441 et

343 2470 417 2523 sic,
462 2470 564 2513 facis
606 2482 753 2513 contra
795 2482 995 2513 naturam
1027 2470 1155 2513 officii
1190 2471 1318 2529 regis,
1350 2487 1449 2513 nam
1490 2487 1564 2513 rex
1599 2470 1759 2512 dicitur
1791 2469 1869 2527 qui

342 2541 454 2600 regit
490 2542 700 2600 populum
736 2542 969 2601 sapienter,
999 2558 1089 2584 rem
1129 2542 1348 2600 publicam
1388 2541 1571 2595 utiliter,
1602 2552 1644 2584 et
1677 2540 1869 2600 seipsum

390 2717 463 2754 16.
491 2737 534 2743 -
556 2717 632 2764 1(Ο
655 2718 805 2753 domine
824 2719 874 2752 mi
900 2731 965 2753 rex
986 2725 1029 2745 '—
1052 2719 1149 2753 sicut
1169 2719 1224 2753 illi
1246 2720 1291 2752 de
1314 2718 1453 2753 familia
1474 2723 1549 2759 tua,
1570 2717 1668 2764 §17)
1685 2730 1755 2753 om.
1780 2717 1822 2751 F.

343 2783 388 2790 —
411 2765 425 2787 2
440 2764 575 2810 primo,
596 2765 669 2806 Cl.‚
693 2766 736 2800 V.
762 2766 806 2799 R.
827 2786 874 2792 —-
892 2765 1046 2807 3immo,
1071 2766 1143 2807 Cl.‚
1167 2766 1213 2800 V.
1233 2767 1277 2800 R.

392 2892 429 2915 a.
459 2881 554 2915 Gen.
584 2881 647 2922 IV,
678 2884 734 2921 10,
767 2884 823 2916 11.
854 2902 896 2907 -
926 2882 960 2916 b.
993 2883 1112 2916 Exod.
1142 2881 1190 2922 11,
1220 2883 1278 2917 25.
1300 2902 1346 2907 —
1366 2894 1397 2915 c.
1420 2882 1498 2915 Jac.
1518 2881 1563 2921 V,
1588 2882 1621 2915 4.
1643 2900 1690 2907 —
1710 2880 1748 2914 d.
1772 2880 1868 2915 Gen.

345 2928 482 2968 XVIII,
507 2930 563 2963 20.
588 2949 629 2955 —
651 2941 683 2963 e.
715 2930 830 2963 Eccli.
859 2930 1025 2969 XXXIV,
1057 2931 1112 2969 25,
1143 2932 1201 2965 26.
1225 2950 1271 2954 —
1297 2930 1324 2973 f.
1355 2929 1460 2963 Matt.
1490 2929 1626 2969 XXIII,
1650 2930 1684 2963 9.
1703 2948 1749 2953 —
1767 2941 1803 2973 g.
1830 2928 1867 2962 S.

345 2975 548 3020 Augustini
569 2979 694 3010 Sermo
711 2976 826 3016 CVII,
848 2989 929 3022 cap.
950 2978 998 3017 ll,
1020 2979 1064 3011 P.
1088 2979 1143 3016 L.,
1169 2983 1193 3010 t.
1217 2976 1422 3016 XXXVIII,
1447 2989 1483 3020 p.
1507 2977 1588 3010 387.
1606 2995 1649 3001 —
1671 2975 1706 3008 Ιι.
1727 2975 1867 3009 IJoan.

347 3022 414 3061 ΙΙΙ,
442 3024 475 3056 1.
501 3042 546 3048 -
571 3023 596 3057 i.
618 3024 747 3063 JouaS,
772 3026 815 3057 P.
847 3025 903 3063 L.‚
932 3030 959 3057 t.
990 3024 1087 3064 CVI,
1118 3037 1154 3069 p.
1182 3025 1277 3058 290:
1306 3037 1324 3057 t<
1347 3023 1486 3068 Regale
1516 3022 1767 3056 ministerium
1797 3028 1867 3063 est,

347 3075 387 3102 ut
408 3081 537 3114 pacem
555 3076 589 3103 et
612 3071 851 3104 concordiam
872 3071 1035 3105 habeant
1057 3072 1208 3104 studere
1224 3084 1262 3111 »;
1281 3091 1323 3095 —
1343 3070 1585 3114 smaragdus,
1602 3070 1645 3102 P.
1662 3070 1718 3109 Li,
1738 3074 1764 3102 t.
1785 3069 1868 3110 CII,

349 3129 385 3163 p.
408 3117 501 3156 947;
527 3137 568 3142 —
591 3117 830 3159 Hiucmarus‚
862 3121 912 3153 De
935 3119 1031 3164 regis
1051 3130 1224 3167 persona,
1254 3120 1297 3152 P.
1322 3119 1375 3157 L.,
1405 3122 1431 3151 t.
1468 3116 1648 3157 CXXXV,
1678 3128 1714 3163 p.
1744 3117 1789 3157 8;
1825 3136 1869 3143 —
