2444 3750
1208 361 1472 401 v—78—

603 479 873 546 perturbari
909 496 964 527 ac
998 479 1186 527 misceri
1225 479 1463 538 viderent,
1501 479 1797 538 majestatem
1833 481 2011 546 regiam
2050 490 2125 530 te-

603 586 767 627 nuem,
800 569 1039 634 principes
1059 569 1271 633 captivos
1297 567 1486 626 abduci,
1509 577 1592 615 aut
1612 569 1659 614 in
1679 568 1873 616 exilium
1900 569 2022 632 ejici,
2043 579 2126 618 aut

603 675 627 704 a
651 659 748 705 suis
778 658 1041 714 contemni,
1072 655 1305 721 populum
1335 657 1558 714 miseriis,
1592 673 1755 704 rerum
1788 659 2003 705 omnium
2036 675 2125 705 an-

603 747 777 810 gustia,
799 745 1152 802 vexationibus,
1181 744 1547 810 direptionibus,
1578 745 1728 802 luctu,
1758 746 1981 810 squalore
2006 764 2125 793 con-

603 834 799 892 fectum,
842 851 952 881 cum
994 834 1326 880 meminissent
1365 833 1548 898 aliquot
1585 834 1823 892 homineS,
1861 835 1957 896 jam
1997 851 2126 882 anno

610 927 750 981 1357,
779 924 915 970 novis
940 922 1083 970 rebus
1111 922 1371 980 studuisse,
1400 923 1447 969 in
1475 922 1547 969 his
1579 923 1653 970 vel
1686 923 2020 988 asperitatibus
2047 940 2126 971 re-

603 1029 730 1070 rum,
759 1011 835 1059 vel
867 1010 1227 1058 difficultatibus
1258 1012 1505 1076 temporis,
1540 1011 1771 1076 quasdam
1806 1011 2128 1060 adhibuerunt

603 1100 795 1148 dicendi
842 1099 987 1158 faces,
1046 1108 1098 1147 ut
1144 1099 1566 1147 vehementissime
1618 1099 1962 1165 profiterentur
2011 1101 2126 1165 quid

604 1198 731 1237 esset
762 1190 809 1236 in
842 1188 986 1236 rebus
1014 1188 1210 1254 agendis
1236 1197 1380 1254 atque
1405 1188 1746 1253 gubernandis,
1775 1189 2013 1254 agendum
2046 1197 2128 1236 aut

603 1277 888 1334 tollendum,
920 1286 1100 1342 quanta
1134 1295 1297 1325 rerum
1330 1278 1546 1324 omnium
1580 1279 1739 1343 inopia
1777 1277 1912 1343 plebs
1947 1277 2128 1342 afflige-

603 1375 755 1425 retur,
784 1366 959 1431 quibus
985 1365 1250 1413 rationibus
1276 1365 1513 1413 sublevari
1540 1375 1730 1431 posset,
1763 1383 1851 1414 nec
1867 1367 1965 1429 jam
1991 1366 2128 1414 dicti-

603 1463 828 1503 taverunt
870 1455 1151 1512 rectissima,
1206 1455 1484 1519 nationique
1536 1455 1782 1502 utilissima
1832 1472 1936 1502 esse
1985 1473 2127 1519 quae-

603 1560 811 1609 cumque
825 1552 986 1591 essent
1004 1561 1028 1590 a
1044 1560 1157 1609 rege
1177 1544 1433 1591 constituta
1449 1552 1593 1609 atque
1614 1543 1822 1591 decreta.
1842 1547 1973 1591 Inter
1986 1561 2125 1609 quos,

603 1633 813 1698 primum
833 1632 992 1679 locum
1018 1631 1155 1679 facile
1180 1640 1351 1679 tenent
1376 1632 1553 1680 Alanus
1580 1631 1816 1691 Chartier,
1845 1631 2129 1679 Eustachius

604 1721 919 1787 Deschamps,
961 1721 1045 1785 qui
1088 1720 1148 1768 de
1184 1722 1370 1769 ratione
1414 1721 1605 1768 vivendi
1643 1723 1691 1768 in
1731 1721 1839 1768 aula
1883 1721 2029 1786 regia,
2070 1720 2130 1768 de

604 1810 788 1873 injuriis
805 1827 833 1857 a
849 1808 1091 1869 divitibus,
1109 1808 1446 1874 nobilibusque
1463 1811 1575 1856 viris
1594 1810 1877 1868 commissis,
1901 1810 2129 1857 acerrima

606 1898 795 1947 dicendi
821 1897 1125 1946 vehementia
1152 1898 1436 1963 loquuntur.

667 1990 910 2046 Jamvero,
938 1986 1145 2035 fueritne
1175 1987 1340 2034 Simon
1366 1986 1478 2052 Islip
1499 1988 1555 2046 is,
1584 1988 1667 2052 qui
1690 1986 1811 2035 facta
1837 2004 1961 2053 quae
1986 2004 2128 2054 expo·

606 2074 751 2123 nebat
793 2083 925 2123 certo
963 2077 1105 2123 sciret
1141 2083 1190 2123 et
1230 2075 1332 2123 sine
1372 2074 1481 2123 fuco
1521 2075 1837 2141 depingeret?
1891 2077 2031 2135 satis,
2077 2084 2131 2124 ut

606 2164 798 2229 opinor,
841 2171 1028 2212 certum
1059 2164 1459 2230 exploratumque
1491 2173 1563 2212 est
1592 2181 1652 2212 ex
1682 2164 1784 2228 ejus
1817 2165 1940 2212 vitae
1973 2164 2130 2230 digni-

605 2260 721 2311 tate,
760 2260 991 2316 quantam
1027 2253 1361 2300 auctoritatem
1396 2261 1444 2301 et
1477 2254 1758 2318 gravitatem
1796 2252 1903 2323 sibi)
1923 2253 2131 2301 vindicet

606 2340 734 2388 illius
751 2341 840 2387 viri
859 2341 1229 2389 testimonium¹.

673 2428 802 2489 Quid
826 2430 992 2477 enim?
1011 2433 1134 2477 Cum
1155 2430 1203 2476 in
1223 2431 1439 2477 maximis
1458 2429 1600 2478 rebus
1620 2429 1816 2495 agendis
1837 2438 2127 2490 versaretur,

607 2516 760 2565 multa
779 2517 976 2576 audivit,
1000 2517 1150 2566 multa
1176 2519 1487 2584 suismetipsis
1513 2518 1663 2566 oculis
1696 2518 1826 2566 vidit.
1859 2522 2128 2576 Praeterea,

607 2621 719 2652 cum
740 2605 1016 2669 majoribus,
1032 2615 1081 2654 et
1100 2606 1468 2672 magistratibus,
1490 2615 1539 2655 et
1560 2607 1742 2672 legatis,
1764 2623 1907 2672 saepe
1925 2623 2131 2654 conver-

610 2692 822 2753 sabatur,
855 2695 1036 2760 quippc
1073 2696 1156 2760 qui
1194 2711 1308 2760 rege
1341 2696 1494 2743 amico
1530 2704 1578 2743 et
1607 2696 1742 2760 quasi
1771 2694 1989 2742 familiari
2024 2702 2131 2742 ute-

610 2790 760 2829 retur.
789 2783 979 2830 Etenim
1001 2782 1120 2831 haec
1140 2782 1374 2831 Edwardo
1405 2783 1613 2831 scribere
1638 2800 1784 2845 ausus
1810 2791 1913 2831 est:
1954 2803 1975 2826 «
2007 2783 2054 2829 Si
2080 2790 2132 2829 tu

611 2870 774 2930 scires,
796 2870 927 2935 quod
947 2888 1035 2936 ego
1062 2871 1183 2919 scio’
1205 2891 1226 2917 »
1242 2908 1253 2919 .

667 3083 703 3122 1.
735 3081 793 3122 Cf.
814 3094 930 3136 supra
946 3083 1033 3123 Lib.
1055 3084 1086 3132 1,
1110 3096 1195 3135 cap.
1221 3084 1258 3122 1.

666 3142 705 3180 2.
736 3143 807 3192 A§
832 3143 894 3181 4¹.
