2444 3750
1011 344 1224 385 „29-

351 467 587 532 excipere.
605 467 815 524 Etenim,
833 465 891 512 ad
907 465 1052 512 talem
1070 464 1338 522 dominum,
1361 462 1559 509 honoris
1580 479 1739 519 causa,
1764 459 1881 508 libe-

352 556 517 603 raliter
536 572 591 603 ac
609 554 860 620 magnifice
881 554 1203 611 tractandum,
1233 553 1296 599 ita
1328 552 1495 615 ingens
1521 559 1623 598 erat
1644 551 1879 616 impensa,

355 654 407 692 ut
427 661 568 709 aegre
597 644 791 691 tolerari
823 652 1014 708 posset,
1051 650 1299 708 praeterea
1325 659 1492 706 regum
1523 641 1679 698 amici,
1716 640 1882 686 minis-

356 751 452 799 que
493 733 785 799 complures,
831 733 1012 791 omnia,
1054 748 1239 779 summa
1278 748 1388 778 cum
1432 730 1645 787 audacia,
1694 729 1884 793 saepius

357 827 662 894 diripiebant.

421 921 691 976 Praeterea,
710 934 794 964 rex
808 934 834 964 a
855 916 1079 979 subjectis
1091 915 1310 980 exigebat
1323 916 1482 962 omnia
1500 931 1624 979 quae
1639 913 1698 960 ad
1711 930 1788 960 res
1801 930 1883 978 pu·

355 1007 504 1055 blicas
523 1006 778 1065 curandas,
809 1005 1186 1071 componendas,
1218 1004 1421 1052 tuendas
1450 1013 1499 1050 et
1525 1001 1886 1068 amplificandas

359 1096 625 1144 necessaria
642 1094 746 1142 sore
767 1093 1129 1141 arbitrabatur¹.
1146 1094 1268 1140 Hinc
1287 1092 1601 1149 frumentum,
1628 1090 1884 1148 hordeum,

357 1201 578 1242 avenam,
608 1183 823 1241 arbores,
855 1199 1014 1241 aucas,
1048 1182 1263 1247 gallinas,
1296 1198 1488 1247 porcos,
1515 1180 1681 1238 boves,
1714 1196 1884 1244 equos,

358 1272 660 1338 requirebat,
685 1272 860 1337 quibus
881 1289 1056 1338 nempe
1076 1271 1300 1319 omnibus
1326 1269 1612 1318 constabant
1640 1269 1747 1332 jura
1774 1286 1885 1333 cap-

360 1366 563 1418 tionum,
604 1366 923 1426 emptionum.
962 1365 1145 1408 Verum
1180 1379 1290 1408 cum
1328 1378 1406 1407 res
1449 1360 1641 1406 venales
1678 1359 1887 1405 auctori-

360 1459 456 1498 tate
486 1451 613 1515 regia
642 1459 949 1516 caperentur,
989 1450 1159 1497 melius
1186 1449 1304 1497 illud
1327 1449 1586 1496 vocabatur
1612 1451 1889 1512 jusprisa-

361 1557 473 1587 rum
494 1540 526 1587 ².

429 1633 563 1676 Inter
606 1637 768 1676 autem
807 1629 959 1676 varias
1004 1629 1174 1693 prisas,
1219 1628 1386 1693 quanti
1437 1627 1667 1674 momenti
1712 1626 1891 1674 fuerint

357 1723 530 1783 prisae
557 1722 781 1765 vinorum
800 1735 977 1783 operae
1005 1719 1214 1783 pretium
1244 1726 1316 1764 est
1341 1716 1768 1764 animadvertere³.
1799 1719 1890 1762 An-

362 1808 627 1872 tiquissima
666 1807 881 1872 profecto
925 1807 1275 1854 consuetudine
1320 1814 1553 1853 statutum
1594 1813 1696 1853 erat
1745 1813 1892 1869 atque

364 1897 619 1955 sancitum,
653 1905 706 1943 ut
739 1897 788 1942 in
818 1895 1016 1960 singulis
1053 1895 1253 1943 navibus
1282 1896 1393 1943 vino
1434 1895 1639 1952 onustis,
1674 1910 1799 1958 quae
1833 1893 1893 1940 ad

363 1984 559 2049 Angliae
594 1983 726 2032 littus
763 1985 1082 2050 appulissent,
1120 1984 1180 2032 de
1220 1985 1384 2048 viginti
1415 1983 1570 2041 doliis,
1609 1982 1706 2029 duo
1745 1981 1890 2039 dolia,

365 2090 518 2120 unum
538 2090 564 2120 e
582 2074 749 2138 puppi,
776 2073 981 2120 alterum
1007 2090 1034 2120 e
1053 2090 1216 2138 prora,
1251 2072 1311 2119 de
1343 2073 1512 2120 decem
1544 2080 1705 2119 autem
1736 2070 1892 2128 doliis,

367 2179 519 2209 unum
545 2161 728 2208 dolium
760 2178 896 2226 reges
932 2161 1020 2208 sibi
1055 2170 1322 2220 sumerent,
1358 2164 1406 2208 et
1446 2178 1533 2226 pro
1577 2176 1893 2225 unoquoque,

366 2251 532 2314 viginti
559 2258 748 2297 tantum
769 2250 1020 2314 sterlingos
1040 2249 1300 2297 solverent.

432 2342 562 2386 Haec
581 2339 761 2398 omnia,
788 2347 839 2387 ut
858 2338 1138 2386 brevissime
1153 2338 1244 2385 dici
1264 2346 1529 2403 potuerunt
1543 2339 1605 2385 ita
1632 2355 1658 2384 a
1676 2354 1754 2384 me
1773 2336 1897 2384 dicta

370 2435 501 2484 sunt,
533 2435 586 2474 ut
616 2428 715 2490 jam
751 2427 973 2475 omnibus
999 2428 1309 2493 perspicuum
1348 2428 1407 2474 sit
1443 2435 1562 2491 quot
1599 2427 1896 2483 vexationes,

371 2514 665 2580 direptiones
685 2525 732 2564 et
758 2516 848 2563 alia
869 2516 1172 2563 incommoda
1200 2533 1259 2563 ex
1285 2515 1561 2578 hujusmodi
1586 2514 1791 2577 juribus,
1821 2513 1898 2561 vel

372 2603 542 2650 saltem
561 2606 762 2669 propter
782 2604 861 2652 illa
886 2613 936 2652 et
961 2621 1131 2652 eorum
1156 2605 1408 2651 occasione
1435 2611 1719 2661 manarent,
1755 2604 1819 2649 ita
1848 2610 1900 2649 ut

371 2690 550 2738 fuerint
573 2691 753 2757 aliquid
780 2692 932 2740 simile
953 2692 1113 2740 arbori
1144 2694 1393 2758 pessimae,
1423 2692 1558 2754 cujus
1585 2709 1684 2738 non
1711 2699 1900 2738 tantum

372 2795 532 2827 ramos
562 2782 720 2846 putari
746 2790 986 2847 oporteat,
1017 2781 1100 2829 sed
1131 2782 1275 2829 etiam
1302 2781 1484 2829 radices
1513 2782 1706 2846 penitus
1737 2779 1895 2827 evelli.

429 2961 466 2997 1.
499 2958 653 3007 Stubbs,
676 2973 738 3010 op.
765 2962 849 3010 cit.,
874 2962 903 3004 l,
931 2974 972 3012 p.
1001 2962 1089 3000 380.
1118 2983 1167 2988 —
1187 2959 1469 3011 Cunningham,
1493 2974 1553 3010 op.
1578 2961 1661 3006 cit.‚
1689 2972 1727 3009 p.
1755 2960 1845 2996 144.

426 3019 465 3056 2.
498 3019 780 3069 Cunningham,
804 3022 873 3059 loc.
897 3021 963 3057 cit.

430 3078 466 3116 3.
500 3078 658 3127 Madox,
673 3079 845 3115 Historia
870 3080 1086 3125 scaccarii,
1106 3087 1131 3117 t.
1152 3081 1181 3126 1,
1205 3093 1244 3130 p.
1270 3080 1343 3117 765
1362 3086 1398 3117 et
1418 3091 1526 3129 seqq.
1546 3100 1597 3105 —
1619 3079 1660 3114 E.
1684 3077 1801 3123 Coke,
1821 3079 1900 3112 Ins-

377 3136 519 3185 mutes,
540 3144 638 3187 part.
662 3138 712 3184 11,
736 3150 774 3189 p.
802 3139 891 3178 544.
914 3160 965 3167 -—
987 3141 1048 3178 W.
1074 3138 1355 3188 Cunningham,
1378 3152 1440 3189 op.
1464 3140 1546 3186 cit.‚
1572 3150 1612 3188 p.
1641 3138 1727 3174 145.
