2444 3750
971 359 1184 400 ..19-

316 485 496 543 Quare,
524 496 636 527 cum
661 480 710 525 in
733 476 919 525 duabus
943 476 1212 534 sententiis,
1244 492 1363 540 quas
1395 474 1539 522 modo
1569 475 1839 535 retulimus,

313 587 429 619 vere
454 569 516 617 de
539 568 701 616 libello
721 570 758 614 A
777 575 962 631 agatur,
985 565 1115 613 hunc
1140 573 1273 612 certo
1294 573 1483 612 constat
1507 566 1717 630 priorem
1738 582 1844 613 esse

315 658 482 707 libello
499 662 555 705 B.

420 868 466 913 3.
499 869 609 927 Quo
637 876 857 929 tempore
884 875 1090 928 uterque
1115 863 1311 910 libellus
1335 868 1398 910 sit
1423 868 1738 928 compositus.

383 1018 504 1063 Cum
523 1015 570 1061 in
588 1014 720 1061 nullo
736 1030 792 1061 ex
808 1013 977 1061 decem
992 1013 1193 1078 Specalc'
1218 1017 1361 1077 Regis
1384 1013 1628 1061 codicibus
1647 1015 1842 1079 inscrip-

317 1113 420 1152 tum
441 1104 766 1152 invenerimus
785 1120 882 1168 quo
903 1119 1032 1150 anno
1052 1103 1151 1150 sive
1171 1103 1388 1150 recensio
1414 1105 1468 1161 A,
1501 1104 1599 1150 sive
1625 1104 1866 1150 recensio‘

317 1198 352 1241 B
381 1183 651 1258 conscripta
688 1201 832 1250 esset,
874 1209 1068 1240 necesse
1100 1190 1187 1238 fuit
1229 1190 1366 1238 nobis
1398 1208 1453 1238 ea
1498 1191 1558 1239 de
1599 1210 1650 1239 re
1686 1192 1845 1257 aliqua

317 1282 488 1330 indicia
504 1300 563 1329 ex
589 1283 692 1347 ipso
706 1299 851 1347 opere
871 1281 1112 1346 indagare,
1139 1289 1192 1327 ut
1217 1280 1389 1328 exinde
1403 1282 1678 1346 propositae
1699 1298 1845 1346 ques-

317 1372 459 1419 tionis
487 1371 659 1418 solutio
681 1370 1017 1418 deduceretur.
1412 1434 1414 1436 v

384 1461 731 1508 Recensionem
761 1463 797 1506 A
832 1458 1075 1506 conditam
1108 1475 1212 1506 esse
1244 1459 1367 1505 circa
1397 1476 1580 1506 annum
1620 1463 1761 1518 1337,
1798 1459 1843 1506 id

317 1559 390 1598 est
426 1549 679 1596 duodecim
715 1549 871 1606 annis,
916 1556 1175 1612 antequam
1216 1547 1602 1613 archiepiscopus
1643 1548 1845 1613 eligere-

317 1648 396 1687 tur
447 1639 631 1696 Simon,
677 1637 858 1703 opinati
906 1645 1017 1684 sunt
1062 1636 1127 1683 illi
1167 1637 1251 1701 qui
1297 1636 1529 1684 librorum
1586 1637 1846 1686 elenchum

317 1727 498 1774 dictum
527 1746 547 1772 «
583 1727 723 1773 Class
742 1726 1003 1789 catalogue
1029 1744 1049 1770 υ
1082 1726 1131 1772 in
1154 1728 1353 1772 Musaeo
1374 1727 1647 1774 Britannico
1667 1743 1845 1774 consu-

319 1815 515 1863 lendum
529 1814 857 1862 confecerunt.
889 1817 1108 1875 Quorum
1131 1815 1436 1874 sententiam,
1461 1816 1678 1881 inspecto
1704 1834 1844 1881 opus-

317 1905 445 1963 culo,
463 1903 850 1969 amplectendam
877 1904 967 1951 rati
993 1921 1178 1951 sumus.

385 1995 518 2042 Ratio
561 1995 818 2059 praecipua
862 1993 979 2041 haec
1008 2010 1097 2040 nos
1126 1995 1292 2052 movit,
1333 1993 1484 2058 quod,
1531 2011 1661 2041 anno
1699 1998 1842 2053 1337,

319 2082 490 2130 melius
520 2099 666 2146 quarn
693 2081 791 2129 ullo
824 2081 916 2129 alio
944 2090 1180 2147 tempore,
1215 2082 1414 2146 intelligi
1444 2083 1634 2130 videtur
1666 2101 1759 2148 qua
1780 2083 1840 2131 de

318 2187 460 2218 causa
494 2172 657 2217 Simon
687 2171 954 2234 Speculum
982 2175 1128 2235 Regis
1156 2170 1426 2218 condiderit
1462 2171 1522 2218 ad
1545 2172 1654 2235 jura
1674 2189 1844 2237 procu-

319 2260 560 2306 rationum
580 2259 922 2324 impugnanda.
949 2263 1067 2307 Nam
1099 2260 1302 2318 etiamsi,
1327 2261 1515 2325 saepius
1542 2261 1845 2309 animadver-

318 2356 441 2395 terat
467 2356 624 2406 antea,
659 2347 833 2395 multas
859 2349 908 2394 in
942 2364 1092 2413 regno
1117 2348 1314 2413 Angliae
1346 2350 1508 2414 peragi
1541 2351 1841 2410 vexationes,

321 2435 538 2483 nondum
577 2445 679 2484 erat
726 2445 889 2484 tamen
927 2454 982 2484 ea
1022 2437 1251 2502 dignitate
1290 2438 1562 2503 insignitus,
1598 2456 1758 2504 neque
1793 2457 1848 2487 ea

321 2526 603 2572 auctoritate
646 2524 858 2589 pollebat
912 2534 963 2572 ut
1013 2543 1147 2573 suam
1200 2527 1301 2591 regi
1355 2529 1643 2575 sententiam
1699 2528 1847 2576 libere

322 2612 584 2678 detegeret,
624 2630 712 2661 nec
749 2615 878 2660 enim
918 2616 956 2661 is
999 2623 1102 2662 erat
1137 2617 1219 2680 qui
1253 2615 1384 2663 aliud
1425 2617 1515 2664 nisi
1552 2636 1575 2663 c<
1612 2622 1846 2682 privatus

324 2701 472 2748 homo
509 2721 557 2748 ».

387 2794 526 2837 Anno
555 2799 714 2838 autem
758 2794 897 2851 1337,
945 2809 1043 2839 non
1080 2782 1269 2841 tantum
1305 2794 1484 2841 electus
1520 2803 1593 2843 est
1630 2796 1844 2861 episcopi

323 2879 669 2927 Lincolniensis
706 2880 904 2928 vicarius
929 2882 1212 2946 generalis¹‚
1251 2883 1336 2930 sed
1371 2892 1639 2948 praeterea,
1674 2901 1784 2932 cum
1824 2902 1851 2931 a

383 3100 418 3138 1.
450 3099 666 3149 Newcourt,
702 3104 962 3151 Repertoriam
997 3103 1261 3153 anglicanum,
1295 3110 1329 3142 t.
1366 3103 1398 3150 Ι,
1436 3117 1475 3155 ρ,
1519 3105 1607 3143 178.
1641 3102 1853 3156 Episcopus

328 3158 602 3197 Lincolniensis
621 3159 660 3197 id
682 3161 861 3211 temporis
881 3168 959 3199 erat
982 3161 1169 3200 Henricus
1192 3162 1427 3213 Burghersh.
