2444 3750
952 369 1160 409 -47-

359 493 685 556 Quapropter,
715 487 831 535 illud
864 489 910 534 in
942 504 1054 553 rege
1089 489 1253 535 Simon
1287 487 1401 553 Islip
1431 486 1743 552 reprehendit
1777 495 1826 534 et

294 581 525 645 coarguit,
549 578 677 644 quod
706 569 754 623 in
770 594 821 624 re
844 585 937 624 tam
954 577 1145 640 injusta,
1174 586 1269 624 tam
1290 576 1495 635 funesta,
1514 585 1610 623 tam
1638 576 1822 634 odiosa,

294 671 443 736 patris
462 677 510 716 et
530 668 603 715 avi
630 667 822 731 vestigia
847 675 1039 713 secutus
1061 667 1136 713 sit.

361 758 601 819 Quoniam
623 765 781 803 autem
804 772 1040 802 summam
1064 764 1111 802 et
1139 771 1395 802 numerum
1422 755 1702 817 injuriarum
1729 771 1825 800 non

250 845 256 852 ’
294 864 551 914 possumus
583 862 870 910 exponere3
913 844 1188 909 singillatim
1231 853 1393 891 autem
1427 843 1487 891 de
1526 843 1826 906 uniuscujus-

295 953 391 1002 que
413 934 719 983 incommodo
743 934 901 980 dicere
923 933 1165 980 infinitum
1192 934 1280 992 sit,
1304 950 1481 998 genera
1507 934 1607 998 ipsa
1635 932 1826 995 injuria·

296 1043 424 1084 rum,
453 1025 576 1072 duce
605 1025 798 1071 Simone
824 1022 955 1088 Islip,
979 1022 1260 1070 referemus.

364 1117 521 1174 Quam
564 1112 700 1160 facile
732 1121 893 1177 serpat
933 1112 1104 1175 injuria
1151 1121 1198 1159 et
1235 1111 1466 1176 peccandi
1506 1110 1827 1168 consuetudO,
1859 1114 1863 1118 ’

298 1220 444 1268 quam
482 1201 672 1249 difficile
708 1203 1017 1267 reprimatur,
1056 1201 1363 1265 intelligimus
1396 1218 1450 1248 ex
1487 1218 1544 1248 eo
1577 1200 1707 1265 quod
1741 1200 1829 1247 Ed-

299 1292 488 1339 wardus
531 1295 596 1338 ΙΙΙ
633 1308 729 1338 non
769 1290 912 1338 fuerit
952 1291 1206 1337 immemor
1243 1307 1409 1337 earum
1455 1291 1648 1348 artium,
1689 1307 1828 1354 quas,

300 1381 613 1446 quadraginta
632 1381 769 1426 annis
790 1389 918 1438 ante,
944 1397 1182 1444 quaerens
1210 1381 1310 1444 ipse
1328 1396 1489 1426 secum
1511 1379 1771 1426 Edwardus
1792 1382 1830 1436 I,

301 1479 349 1517 et
369 1470 550 1534 agitans
569 1486 680 1516 cum
701 1470 816 1526 suis,
845 1469 1215 1533 excogitaverat,
1240 1477 1292 1514 ut
1319 1469 1365 1514 in
1387 1467 1611 1515 omnibus
1637 1467 1833 1532 Angliae

301 1556 604 1606 comitatibus
631 1558 902 1615 maximam,
933 1556 1131 1621 singulis
1151 1557 1307 1614 annis,
1332 1557 1585 1621 pecuniam
1606 1556 1831 1621 colligere

301 1655 482 1713 posset.

368 1739 490 1783 Cum
523 1737 665 1801 igitur
686 1752 835 1782 novos
867 1734 955 1782 sibi
980 1744 1209 1800 quaestus
1247 1736 1591 1793 constituisset,
1634 1751 1832 1799 magnos

303 1841 418 1871 sane
442 1833 490 1872 et
517 1824 708 1883 uberes,
732 1824 831 1887 jam
865 1842 963 1871 non
991 1824 1143 1871 solum
1173 1842 1232 1871 ex
1266 1825 1407 1871 variis
1442 1823 1744 1882 victualibus,
1783 1832 1834 1870 ut

302 1911 406 1961 fieri
427 1912 625 1971 solebat,
650 1913 733 1960 sed
756 1914 919 1971 etiam,
943 1931 1000 1960 ex
1027 1913 1275 1978 quibusvis
1303 1912 1449 1960 rebus
1476 1912 1742 1970 venalibus,
1774 1929 1832 1959 ex

303 2002 442 2049 coriis
460 2003 758 2067 praesertim,
785 2003 908 2049 vinis
930 2011 978 2049 et
998 2002 1137 2060 lanis,
1161 2019 1285 2067 quae
1312 2003 1517 2049 ministri
1550 2002 1684 2066 regii,
1709 2002 1834 2048 invi-

303 2091 363 2137 tis
382 2090 605 2149 dominis,
630 2092 790 2155 iniqua
818 2090 941 2155 lege,
964 2090 1189 2138 emebant
1213 2108 1311 2155 quo
1342 2090 1492 2156 pluris
1514 2090 1831 2148 venderent¹,

303 2187 435 2226 tanta
467 2181 536 2226 vis
574 2188 694 2238 erat,
733 2179 862 2227 fraus
897 2188 1045 2238 tanta,
1083 2188 1134 2226 ut
1169 2179 1389 2226 homines
1425 2179 1612 2244 quidvis
1649 2180 1834 2244 perpeti

302 2285 448 2332 quam
471 2285 568 2314 non
590 2268 650 2315 de
670 2268 837 2315 talium
856 2269 1092 2333 prisarum
1120 2269 1370 2333 iniquitate
1391 2276 1440 2315 et
1464 2269 1649 2331 injuriis
1669 2268 1833 2333 deplo-

301 2372 409 2403 rare
435 2365 483 2403 et
502 2357 735 2421 conqueri
764 2357 980 2404 mallent.
1013 2356 1251 2415 Profecto,
1282 2374 1577 2422 quamquam
1605 2357 1833 2421 singulari

227 2441 237 2454 ““
303 2443 502 2492 fortasse
535 2446 729 2493 audacia
761 2445 1025 2511 praeditus,
1064 2454 1226 2493 tamen
1266 2445 1326 2493 ab
1365 2463 1416 2493 se
1454 2454 1603 2493 totam
1637 2445 1835 2492 alienari

304 2521 520 2598 Angliam
535 2533 568 2592 ²,
591 2543 663 2581 tot
683 2534 919 2592 homines,
943 2544 1015 2581 tot
1034 2534 1260 2593 barones,
1284 2535 1478 2592 milites,
1502 2543 1550 2582 et
1569 2535 1834 2599 burgenses

305 2621 682 2681 honestissimos,
709 2623 796 2670 sibi
817 2624 1043 2671 adversos
1062 2623 1160 2671 fieri
1184 2623 1417 2671 noluisset
1439 2624 1718 2682 Edwardus,
1746 2624 1834 2670 nisi

305 2710 431 2758 hanc
473 2713 707 2759 rationem
751 2721 799 2760 et
835 2714 1171 2777 cogitationem
1218 2713 1458 2777 dignitatis
1498 2730 1630 2771 suae,
1670 2730 1833 2760 rerum

306 2800 466 2864 inopia
485 2817 539 2848 ac
558 2817 786 2866 praesens
806 2801 886 2848 illa
907 2802 1083 2867 praeda
1104 2803 1441 2867 superavisset.

373 2891 437 2936 Ac
464 2889 683 2954 proinde,
707 2899 760 2937 ut
785 2908 954 2949 avena,
984 2891 1246 2950 frumento,
1275 2890 1519 2949 carnibus,
1537 2891 1674 2955 equis
1694 2898 1742 2937 et
1762 2907 1832 2936 ar-

367 3112 403 3148 1.
436 3107 720 3160 Cunningham,
745 3124 807 3162 op.
829 3113 912 3160 cit„
937 3125 977 3163 p.
1000 3113 1091 3151 256.

364 3169 404 3206 2.
436 3169 505 3218 Ag
527 3170 590 3217 11,
611 3170 675 3208 38.
