2314 3736
1070 354 1309 394 —104—

433 447 688 491 humiliatus
722 455 785 488 est
835 459 972 487 causa
1009 447 1107 497 mei,
1149 459 1236 486 non
1274 443 1478 486 inducam
1522 441 1701 485 malum‘
1727 445 1771 484 in
1808 442 1955 484 diebus

433 522 542 577 ejus,
565 518 643 560 sed
659 520 703 559 in
724 516 874 558 diebus
892 515 982 572 filii
1001 517 1086 568 sui,
1111 516 1297 574 inseram
1330 515 1492 556 malum
1523 514 1673 555 domui
1699 515 1832 571 ejus-⁰.
1867 512 1956 554 Nec

434 587 684 648 ignorancia
716 596 891 628 excusat
918 601 1017 628 eum
1049 601 1071 627 a
1098 584 1255 627 delicto
1290 584 1439 643 patris,
1474 583 1659 627 maxime
1693 599 1790 626 cum
1818 599 1870 625 ex
1903 597 1954 624 eo

435 658 599 702 utilitas
620 657 840 700 deferatur
861 654 1093 715 ignoranti,
1124 655 1256 698 veluti
1280 655 1312 697 si
1335 654 1550 714 quispiam
1566 654 1618 697 de
1640 653 1865 696 latrocinio
1888 652 1954 695 vel

433 729 583 789 rapina
606 727 696 771 filio
712 725 1023 786 suoignoranti
1039 725 1214 768 divicias
1238 737 1482 784 congregat,
1507 741 1593 767 non
1617 735 1792 767 excusat
1815 723 1954 766 filium

435 798 698 859 ignomncia,
723 797 831 857 quin
852 808 952 857 post
979 808 1162 839 mortem
1186 797 1319 856 patris
1340 807 1518 855 cogatur
1535 795 1713 838 reddere
1740 795 1850 837 male
1876 794 1954 837 ad-

434 870 610 929 quisita.
633 871 757 921 Item,
783 879 956 928 peccato
978 865 1145 910 Achaz⁶
1165 868 1285 927 plebs
1307 867 1498 910 Israelita
1521 867 1565 910 in
1588 882 1741 909 manus
1763 865 1953 908 hostium

435 940 591 984 tradita
613 950 704 993 est;
735 950 778 982 et
798 950 970 998 peccato
993 939 1185 981 filiorum
1207 938 1315 998 Hely
1336 938 1524 998 populus
1546 937 1588 980 in
1619 953 1773 980 manus
1802 936 1954 980 Philis-

435 1012 628 1054 tinorum
650 1010 852 1053 corruit0.
878 1011 1002 1063 Item,
1035 1009 1156 1052 Giezi
1184 1009 1483 1068 delinquente,
1508 1008 1624 1067 lepra
1646 1007 1958 1050 transmittitur

435 1082 481 1125 in
509 1079 746 1141 posterosd.
778 1082 904 1132 Item,
928 1080 1078 1123 Achab
1100 1091 1316 1139 peccante,
1347 1079 1508 1139 posteri
1537 1081 1630 1137 ejus
1652 1078 1770 1137 regni
1798 1077 1955 1120 solium

434 1152 691 1205 amiserunt,
721 1163 763 1194 et
782 1156 958 1194 cetera⁰.
991 1153 1046 1194 Et
1066 1151 1300 1210 aliquando
1340 1150 1588 1209 puniuntur
1614 1148 1782 1208 parvuli
1807 1164 1955 1208 corpo·

435 1223 598 1276 raliter,
628 1239 706 1282 pro
729 1222 897 1265 delictis
924 1233 1171 1281 parentum,
1195 1233 1238 1264 et
1263 1221 1499 1280 aliquando
1528 1221 1643 1263 filius
1669 1220 1802 1263 cicius
1829 1219 1956 1262 mori·

437 1305 508 1337 tur
539 1293 593 1336 de
631 1293 789 1336 delicto
820 1292 970 1352 patris,
1009 1292 1036 1350 ij
1072 1294 1240 1351 Regum
1277 1292 1354 1350 xij,
1385 1292 1459 1334 ubi
1486 1291 1646 1334 dicitur
1671 1291 1786 1349 quod
1817 1289 1954 1333 David

436 1364 641 1424 peccavit,
672 1364 746 1407 sed
773 1363 962 1423 penituit
988 1363 1158 1406 dicens:
1186 1365 1367 1407 peccavi
1383 1365 1582 1406 Domino.
1609 1363 1663 1404 Et
1691 1362 1787 1404 ideo
1807 1361 1955 1403 Domi-

437 1451 520 1479 nus
546 1452 623 1495 per
643 1435 812 1479 Nathan
842 1435 1101 1494 prophetam
1123 1434 1233 1477 dixit
1254 1435 1291 1477 ei
1312 1450 1320 1477 :
1359 1435 1458 1478 Non
1494 1437 1707 1487 morieris,
1731 1434 1810 1475 sed
1837 1433 1957 1490 filius

437 1510 513 1566 qui
542 1517 672 1550 natus
703 1516 768 1549 est
804 1507 883 1549 tibi
911 1516 1046 1548 morte
1075 1509 1294 1548 morietur.
1326 1531 1384 1538 —
1410 1507 1714 1564 Percussitque
1755 1505 1958 1546 Dominus

432 1578 665 1636 parvulum
687 1594 813 1620 suum
843 1587 883 1619 et
908 1587 1105 1619 mortuus
1131 1576 1226 1621 ests.
1260 1578 1340 1620 1...
1367 1593 1448 1635 q...
1478 1576 1599 1634 iiij...
1623 1586 1741 1617 extra
1767 1575 1959 1633 depem's

436 1664 473 1692 c.
505 1652 549 1691 in
570 1649 852 1709 quibasdamss
873 1658 913 1690 et
939 1649 991 1690 de
1012 1664 1151 1690 usura
1178 1664 1214 1691 e.
1241 1645 1524 1691 usurarum&

497 1790 582 1837 20.
619 1791 657 1833 Ο
697 1790 874 1833 domine
907 1790 966 1833 mi
1009 1806 1099 1842 rex,
1141 1806 1257 1832 nunc
1295 1790 1350 1833 de
1394 1806 1504 1832 novo
1542 1789 1789 1848 gravamine
1823 1788 1956 1831 intro-

437 1862 568 1905 ducto
589 1877 666 1921 per
686 1860 785 1904 illos
806 1861 998 1920 quisunt
1018 1862 1071 1904 de
1093 1860 1254 1903 familia
1277 1872 1366 1905 tua.
1387 1860 1518 1903 Venit
1535 1860 1692 1918 aliquis
1714 1875 1954 1919 precursor,

437 1932 491 1976 ad
517 1932 837 1992 providendum
861 1931 906 1975 in
924 1929 1075 1991 “aliqua
1095 1932 1194 1974 villa
1216 1931 1365 1984 rurali,
1389 1947 1468 1990 pro
1488 1948 1543 1973 xx
1570 1931 1636 1973 vel
1662 1947 1747 1974 xxx
1768 1929 1890 1989 equis
1915 1941 1959 1972 et

438 2019 517 2063 pro
545 2014 610 2046 tot
635 2002 911 2062 garcionibus
949 2002 1025 2061 qui
1062 2014 1164 2045 sunt
1190 2002 1243 2045 de
1272 2002 1433 2045 familia
1453 2011 1544 2055 tua,
1574 2013 1616 2044 et
1642 2012 1787 2060 portat
1813 2016 1957 2043 secum

438 2090 571 2117 unam
598 2074 796 2116 cedulam
825 2073 1035 2132 signatam
1057 2073 1246 2132 quodam
1268 2073 1411 2132 sigillo
1433 2072 1583 2131 ignoto
1609 2073 1759 2114 saltem
1790 2071 1877 2113 illis
1905 2071 1959 2114 de

437 2144 639 2204 parochia
668 2144 757 2195 illa,
782 2160 861 2186 nec
887 2144 1049 2186 dicitur
1066 2143 1110 2186 in
1133 2144 1205 2186 illa
1233 2143 1374 2186 littera
1401 2143 1454 2185 de
1481 2158 1665 2185 numero
1704 2142 1955 2201 garcionum

437 2227 480 2258 et
505 2231 718 2274 equorum
745 2226 854 2272 quot
891 2214 1123 2257 admittere
1160 2214 1336 2258 debent.
1374 2214 1441 2256 Illi
1477 2214 1530 2256 de
1556 2213 1773 2272 parochia,
1803 2212 1958 2255 timore

436 2285 572 2336 ducti,
595 2285 699 2343 quia
729 2301 817 2327 non
857 2285 1021 2328 audent
1056 2285 1269 2335 resistere,
1311 2284 1551 2327 admittunt
1571 2300 1658 2337 eos,
1688 2294 1731 2326 et
1750 2283 1860 2325 circa
1886 2298 1959 2325 eos

437 2355 602 2399 faciunt
619 2371 766 2414 graves
793 2371 1017 2414 expensas,
1043 2367 1092 2397 ut
1120 2356 1313 2398 fecerunt
1340 2367 1534 2413 tempore
1554 2354 1688 2413 patris
1708 2353 1789 2406 tui,
1819 2365 1862 2396 et
1882 2369 1957 2412 pa·-

438 2426 631 2469 rochiani
664 2437 842 2485 propter
869 2442 1020 2485 magna
1047 2426 1293 2484 gravamina
1320 2426 1380 2468 eis
1408 2425 1540 2477 illata,
1565 2424 1831 2467 conveniunt
1858 2440 1957 2467 cum

438 2496 513 2539 illo
535 2512 803 2555 precursore,
828 2507 871 2539 et
891 2495 1017 2539 sociis
1038 2496 1144 2549 suis,
1169 2497 1286 2555 quod
1314 2496 1517 2538 recedant
1542 2507 1585 2538 et
1616 2495 1785 2537 dabunt
1810 2494 1870 2536 eis
1890 2493 1957 2537 di-

438 2566 617 2609 midiam
655 2582 839 2609 marcam
878 2567 943 2608 vel
971 2583 995 2608 v
1031 2566 1191 2609 solidos
1218 2567 1282 2608 vel
1311 2567 1373 2608 xl⁶
1394 2565 1608 2609 denarios.
1639 2564 1958 2608 Nichilominus

436 2637 668 2680 remittunt
694 2637 754 2679 eis
775 2653 925 2679 omnes
952 2653 1160 2695 expensas
1187 2653 1293 2695 quas
1321 2637 1531 2679 fecerunt.
1556 2637 1639 2678 Die
1654 2635 1868 2695 sequenti,
1892 2634 1958 2677 vel

438 2709 482 2750 2⁰
502 2707 588 2760 die,
618 2708 737 2750 venit
755 2707 866 2750 alius
886 2723 1131 2766 precursor,
1155 2723 1254 2750 cum
1281 2707 1467 2766 quadam
1495 2707 1644 2749 cedula
1683 2717 1732 2749 ut
1763 2705 1884 2765 prius
1905 2704 1957 2748 si-

436 2788 582 2836 gnata,
608 2778 727 2836 quod
755 2777 829 2820 fiat
850 2777 1037 2836 provisio
1057 2794 1134 2836 pro
1161 2777 1436 2836 garcionibus
1457 2788 1499 2819 et
1520 2777 1642 2835 equis
1662 2776 1738 2835 qui
1772 2786 1875 2818 sunt
1905 2775 1959 2818 de

435 2848 598 2890 familia
624 2848 801 2891 domine
827 2848 990 2907 regine,
1022 2849 1085 2891 vel
1114 2848 1272 2891 sororis
1300 2848 1468 2890 domini
1495 2848 1622 2907 regis.
1649 2847 1716 2890 Illi
1734 2847 1957 2906 garciones

482 3006 519 3028 a.
552 2994 608 3028 111
631 2994 723 3039 Reg.
750 2994 847 3034 XXI,
872 2996 928 3034 28,
953 2996 1010 3030 29.
1035 3015 1076 3021 -
1100 2994 1134 3028 b.
1163 2995 1198 3029 11
1227 2995 1311 3029 Par.
1335 2994 1540 3033 XXXVIII,
1566 2995 1608 3029 19
1627 2999 1664 3028 et
1684 3006 1790 3040 seqq.
1812 3014 1858 3020 —
1886 3006 1918 3028 c.
1941 2994 1957 3027 1

438 3041 618 3086 Reg.1v,
643 3043 664 3075 9
685 3048 722 3074 et
746 3054 852 3087 seqq.
878 3061 924 3068 —
943 3041 981 3075 d.
1010 3042 1060 3075 lv
1084 3042 1174 3087 Reg.
1205 3042 1249 3081 V,
1278 3044 1335 3076 27.
1364 3061 1410 3066 —
1437 3053 1469 3075 e.
1500 3041 1554 3074 111
1586 3042 1677 3086 Reg.
1706 3041 1803 3080 xxl,
1834 3042 1891 3076 29.
1912 3060 1959 3067 -

436 3088 465 3132 s.
490 3088 524 3121 11
548 3088 639 3133 Reg.
670 3087 752 3127 XII,
784 3090 840 3128 13,
869 3090 926 3123 15.
950 3108 991 3114 -
1012 3102 1048 3134 g.
1081 3091 1118 3123 C.
1148 3089 1188 3122 In
1212 3089 1451 3135 quibusdam,
1482 3088 1535 3127 X,
1565 3088 1620 3122 Dc
1648 3088 1780 3135 poenis
1801 3087 1861 3134 (V,
1885 3089 1955 3133 37).

438 3154 485 3162 --
503 3134 538 3169 h.
563 3136 599 3168 C.
625 3134 847 3171 Usurarum.
871 3135 925 3170 De
941 3135 1091 3174 UsuriS,
1112 3136 1148 3169 iu
1171 3136 1239 3169 vlo
1260 3136 1318 3180 (V,
1343 3137 1391 3178 5).
