2444 3750
1274 391 1487 432 -22-

621 527 745 558 esse.
794 513 967 568 Imm0‚
1004 509 1064 557 de
1100 518 1255 557 morte
1286 511 1457 575 Rogeri
1488 509 1548 558 de
1577 514 1770 558 Mortuo
1807 512 1946 570 Mari,
1974 513 2139 578 capitis

620 599 851 658 damnati,
878 598 1089 663 loquitur
1109 607 1338 663 tanquam
1358 598 1419 646 de
1436 615 1488 646 re
1510 616 1665 664 nuper
1678 607 1804 647 acta:
1828 603 1972 648 Nunc
1991 604 2139 648 etiam

618 688 805 744 ultimo,
838 691 927 734 iste
945 704 1154 751 magnus
1177 688 1406 734 dominus
1436 691 1593 751 Roget·
1613 688 1659 735 le
1683 692 1943 735 Mortimer
1967 699 2140 753 captus

619 787 663 823 et
690 776 975 835 interfectus
1002 776 1160 823 est¹...
1194 795 1216 819 »
1252 779 1419 834 Porro,
1448 779 1661 840 Rogerus
1690 775 1750 824 de
1775 781 1969 824 Mortuo
1997 778 2136 836 Mari,

618 881 770 931 prope
796 864 1092 923 Londinum‚
1122 865 1169 911 in
1197 865 1303 912 loco
1328 864 1455 911 dicto
1476 863 1761 923 Smithfield‚
1785 882 2046 930 suspensus
2067 874 2140 914 est

618 969 746 999 anno
773 951 943 1010 1330²;
972 951 1084 1000 hinc
1104 952 1245 1016 igitur
1265 951 1489 1016 colligere
1518 952 1626 999 licet
1657 952 1838 998 nonita
1865 952 2027 999 multis
2050 968 2136 999 an·-

620 1042 693 1088 nis
713 1049 823 1106 post
859 1043 981 1088 1330
1009 1040 1255 1087 conditum
1276 1039 1420 1088 fuisse
1448 1040 1653 1087 Simonis
1674 1039 1907 1087 libellum.

689 1133 944 1176 Praeterea
969 1130 1018 1175 in
1041 1128 1207 1176 eadem
1228 1129 1509 1176 recensione
1528 1131 1565 1175 A
1584 1128 1644 1175 de
1657 1127 1761 1191 filio
1780 1127 2000 1176 Edwardi
2018 1129 2141 1194 regis

624 1219 838 1283 loquitur
865 1227 916 1265 ut
944 1217 1004 1265 de
1032 1218 1235 1284 parvulo
1264 1234 1435 1283 puero,
1465 1217 1699 1276 nondum,
1730 1226 1782 1264 ut
1807 1219 1991 1283 opinari
2011 1217 2137 1277 licet,

623 1324 705 1355 sex
733 1315 816 1354 aut
837 1316 1020 1372 septem
1052 1323 1206 1354 annos
1227 1315 1356 1354 nato·
1387 1307 1563 1353 Asserit
1583 1307 1711 1353 enim
1735 1306 1871 1353 illum
1897 1306 2017 1353 adeo
2036 1323 2140 1354 esse

618 1405 842 1444 tenerum
868 1397 1024 1454 annis,
1050 1404 1214 1442 utnon
1233 1403 1420 1442 tantum
1443 1394 1578 1442 nullo
1598 1395 1742 1442 modo
1763 1396 1821 1442 sit
1836 1395 1964 1458 juste
1981 1411 2138 1460 repre-

621 1484 905 1532 hendendus
933 1492 1132 1549 propter
1160 1483 1282 1530 furta
1317 1501 1439 1548 quae
1468 1484 1770 1530 committant
1803 1484 1904 1546 ejus
1937 1484 2141 1531 ministri

623 1592 646 1620 α
686 1578 738 1620 in
762 1573 1000 1637 partibus
1035 1574 1099 1619 de
1129 1573 1535 1630 Windesore⁸...‚
1573 1589 1739 1619 verum
1775 1573 1936 1631 etiam,
1965 1581 2018 1619 ut
2051 1588 2142 1619 nec

621 1663 892 1727 perspicere
925 1678 1083 1726 neque
1110 1661 1376 1726 intelligere
1402 1661 1520 1708 haec
1550 1660 1649 1708 ullo
1681 1669 1821 1726 pacto
1842 1660 2010 1708 valeat.
2034 1664 2140 1707 Non

622 1759 812 1798 tantum
844 1750 979 1798 illum
1015 1749 1268 1815 profitetur
1307 1751 1573 1806 innoxium,
1615 1770 1636 1794 «
1679 1754 1928 1811 Quamvis,
1968 1757 2019 1796 ut
2056 1750 2138 1806 ait,

621 1840 788 1887 adhuc
819 1844 882 1886 sit
921 1838 1190 1895 l‘nnocens⁴,
1232 1838 1313 1886 sed
1345 1847 1591 1904 praeterea
1626 1838 1743 1909 haec
1780 1837 1946 1885 habet:
1988 1859 2009 1882 «
2042 1855 2140 1885 non

624 1950 645 1974 «
687 1939 892 1975 excusat
920 1928 1096 1992 filium
1134 1943 1413 1974 IGNORANOEA
1450 1932 1569 1992 quin
1591 1938 1709 1992 post
1751 1938 1955 1974 mortem
1980 1931 2142 1991 patris

619 2028 825 2082 cogatur
850 2018 1062 2063 reddere
1087 2016 1218 2063 male
1243 2017 1558 2080 adquisita⁵..
1574 2052 1585 2063 .
1615 2035 1634 2060 υ

691 2110 819 2153 Haec
840 2114 1001 2152 autem
1030 2114 1081 2152 ut
1102 2121 1209 2152 vera
1243 2106 1355 2163 sint,
1380 2122 1477 2151 non
1505 2105 1658 2151 multo
1691 2106 1960 2170 provectior
1991 2112 2143 2152 aetate

619 2212 765 2260 quam
792 2195 1014 2241 sexennis
1034 2203 1116 2241 aut
1141 2194 1387 2258 septennis
1398 2201 1587 2258 oportet
1599 2192 1739 2240 fuerit
1759 2191 1884 2239 filius
1904 2192 2138 2239 Edwardi.

622 2284 740 2343 Quis
766 2283 894 2329 enim
928 2290 1055 2329 recte
1076 2281 1295 2344 judicans
1326 2281 1488 2328 credat
1515 2298 1654 2346 posse
1682 2281 2031 2345 dicibpuerum
2056 2279 2142 2328 de-

622 2388 727 2419 cem
754 2388 907 2418 annos
928 2379 1112 2427 natum,
1136 2370 1253 2435 quid
1272 2371 1319 2416 in
1350 2387 1433 2417 sua
1449 2369 1592 2416 domo
1618 2387 1642 2416 a
1665 2370 1761 2416 suis
1787 2370 2012 2416 ministris
2031 2385 2143 2434 aga-

623 2467 702 2506 tur
727 2459 919 2523 penitus
942 2475 1029 2504 nec
1062 2457 1223 2504 videre
1253 2474 1341 2504 nec
1368 2458 1670 2521 intelligere?
1695 2458 1816 2504 Hinc
1854 2457 2014 2512 etiam,
2044 2472 2143 2503 non

622 2556 823 2604 temere,
864 2554 916 2592 ut
952 2545 1158 2603 videtur,
1197 2544 1391 2592 defendi
1422 2553 1598 2610 potest,
1634 2544 1918 2610 opusculum
1957 2562 2015 2591 ex
2047 2560 2144 2609 quo

625 2635 897 2700 deprompti
938 2643 1050 2682 sunt
1083 2634 1180 2680 duo
1222 2634 1314 2681 loci
1351 2650 1494 2698 supra
1532 2634 1676 2691 citati,
1707 2650 1803 2680 non
1843 2632 1994 2680 multo
2036 2641 2145 2697 post

622 2740 810 2771 annum
835 2726 954 2771 1337
970 2723 1289 2788 compositum
1315 2738 1437 2770 esse.

676 2884 712 2920 1.
743 2885 777 2919 A
796 2882 816 2931 §
836 2883 901 2919 44.

674 2942 713 2979 2.
748 2941 954 2978 chronicon
987 2943 1170 2992 Angliae‚
1200 2942 1273 2980 loc.
1308 2942 1371 2980 cit.
1404 2964 1456 2971 —
1485 2941 1654 2979 'rhomae
1679 2940 1941 2991 Walsingham
1972 2942 2142 2978 Historia

619 3001 856 3049 Anglicana,
880 3007 909 3037 t.
936 3001 967 3046 1,
991 3013 1030 3051 p.
1057 3002 1147 3040 193.

675 3059 712 3096 3.
744 3062 775 3096 A
795 3059 815 3107 §
835 3059 898 3096 17.

676 3118 714 3154 4.
747 3119 778 3154 A
799 3117 819 3166 ξ
842 3118 903 3156 18.

677 3178 712 3215 5.
746 3178 778 3213 Α
807 3177 826 3226 ξ
850 3177 909 3215 19.
