2314 3736
1018 350 1229 391 „93-

356 446 664 504 ignoravimus.
694 441 814 500 Quid
837 440 961 483 nobis
978 442 1153 499 profuit
1170 441 1413 499 superbia?
1437 441 1603 500 rapina,
1629 443 1885 487 diviciarum

355 517 624 572 jactancia?
674 515 781 556 Cum
813 518 962 554 omnia
1003 512 1084 553 illa
1123 515 1399 555 transierunt
1431 512 1557 555 cum⁸
1580 524 1886 557 momentanea

351 585 545 630 umbras.
593 586 718 637 Item,
751 593 897 642 preter
928 582 1120 642 predicta
1147 582 1273 634 mala,
1314 594 1378 625 est
1411 583 1573 642 raptori
1606 585 1884 644 quadruplex

355 673 467 718 pena
493 657 540 699 in
559 654 766 716 presenti.

415 786 465 832 8.
500 786 645 830 Prima
665 796 730 828 est
743 792 990 844 paupertas,
1016 785 1223 828 Proverb.
1247 786 1288 842 xj
1316 800 1325 826 ε
1349 784 1444 827 Αίίἰ
1459 786 1660 829 dividunt
1671 794 1878 845 propria,

355 867 396 899 et
431 859 615 900 dictores
648 857 795 913 fi'unt5
835 857 917 898 alii
955 859 1138 913 rapiunt
1169 872 1254 898 non
1282 872 1379 909 sua,
1417 866 1459 900 et
1496 872 1665 916 semper
1704 869 1805 902 sunt
1842 863 1886 902 in

356 932 591 987 egestate⁰.
624 928 764 985 Cujus
785 926 1052 986 paupertatis
1078 942 1203 969 causa
1225 934 1289 969 est
1309 926 1412 985 quia
1438 927 1550 970 sicut
1577 927 1658 986 ipsi
1679 929 1886 974 auferunt

356 998 414 1041 ita
441 997 730 1041 auferuntur¹
751 998 805 1040 ab
826 997 902 1040 eis.
932 999 1031 1039 Ysa.
1063 997 1195 1055 xxxiij
1219 1014 1227 1039 ε
1261 999 1317 1041 Ve
1336 1001 1412 1057 qui
1427 1000 1655 1057 predaris‚
1679 1015 1822 1043 nonne
1846 1011 1888 1043 et

357 1080 403 1113 tu
430 1073 522 1129 ipse
535 1067 918 1127 “depredaberisff
941 1070 996 1110 Et
1016 1069 1205 1112 Abacuc.
1231 1068 1259 1126 ij
1280 1085 1288 1111 :
1326 1070 1380 1112 Ve
1405 1074 1484 1128 qui
1507 1071 1773 1129 multiplicat
1800 1088 1885 1114 non

355 1156 467 1195 sua‚·
493 1151 534 1183 et
558 1144 661 1200 quia
687 1150 733 1183 tu
758 1141 963 1198 spoliasti
982 1150 1133 1198 gentes
1153 1141 1329 1193 multas,
1354 1141 1607 1198 spoliabunt
1628 1152 1667 1184 te
1685 1146 1762 1202 qui
1786 1144 1883 1186 reli-

357 1216 433 1271 qui
455 1212 622 1269 fierunt
640 1213 694 1254 de
708 1211 923 1270 populis⁶.
952 1212 995 1253 2³
1015 1227 1124 1269 pena
1147 1222 1212 1253 est
1233 1211 1383 1253 mortis
1404 1212 1673 1265 aoeeleracio,
1700 1214 1880 1259 Psalm.:

366 1284 458 1326 Viri
480 1289 745 1341 sanguinum
774 1292 815 1326 et
836 1283 977 1325 dolosi
991 1281 1023 1336 α,
1045 1293 1087 1324 et
1106 1293 1261 1334 cetera,
1285 1293 1327 1324 et
1348 1284 1553 1326 Proverb.
1576 1283 1637 1341 iiij
1658 1300 1666 1326 :
1699 1285 1776 1327 Via
1803 1288 1883 1327 im-

353 1357 527 1412 piorum
549 1354 776 1397 tenebrosa
791 1357 986 1396 nesciunt
1004 1353 1080 1395 ubi
1091 1363 1133 1396 et
1146 1354 1322 1412 quando
1338 1359 1579 1398 corruent⁶.
1606 1356 1811 1399 Proverb.
1830 1372 1856 1398 v
1872 1372 1880 1398 :

357 1426 455 1483 Ipse
475 1428 700 1479 morietur,
732 1428 834 1484 quia
853 1441 938 1467 non
960 1424 1112 1467 habuit
1136 1425 1396 1482 disciplina‚·
1422 1435 1464 1467 et
1496 1429 1541 1467 in
1566 1426 1884 1469 multitudinem

359 1497 550 1539 stulticie
575 1497 812 1554 decipietur
825 1494 851 1539 s.
886 1497 928 1537 3⁸
951 1511 1062 1554 pena
1088 1506 1152 1537 est
1181 1495 1300 1553 quod
1331 1496 1581 1554 frequenter
1612 1497 1756 1555 gladio
1793 1513 1887 1540 mo-

357 1566 534 1610 riuntur
555 1578 598 1609 et
616 1566 760 1608 anime
786 1582 938 1609 eorum
960 1583 981 1608 a
1008 1566 1271 1609 demonibus
1294 1567 1528 1625 rapiuntur
1553 1578 1596 1609 et
1620 1568 1885 1626 quandoque

357 1653 539 1696 corpora
565 1654 716 1680 eorum
744 1653 833 1680 non
861 1636 1148 1696 sepeliuntur,
1164 1631 1223 1680 ’ut
1252 1637 1412 1680 dieitur
1436 1638 1480 1680 in
1507 1640 1620 1682 Jero.
1646 1656 1717 1681 xix
1738 1650 1781 1681 et
1810 1656 1881 1682 xx.

358 1708 446 1762 Qui
474 1708 605 1750 michi
625 1708 854 1751 visibiliter
879 1708 1011 1767 rapit,
1046 1708 1191 1751 subito
1218 1708 1262 1751 in
1281 1709 1399 1752 exitu
1421 1709 1565 1751 anime
1585 1725 1608 1751 a
1623 1725 1804 1769 corpore
1825 1710 1887 1753 in-

355 1778 585 1822 visibiliter
623 1779 817 1838 rapietur
848 1795 871 1821 a
910 1779 1102 1837 diabolo,
1143 1780 1186 1821 4ξι
1222 1796 1331 1838 pena
1371 1791 1436 1823 est
1469 1780 1587 1839 quod
1620 1780 1698 1823 filii
1731 1797 1883 1824 eorum

357 1851 608 1909 frequenter
634 1850 822 1893 mendici
849 1862 979 1893 erunt
1002 1862 1045 1893 et
1064 1851 1209 1910 gladio
1237 1851 1502 1894 moriuntur.
1534 1853 1675 1894 Naum
1704 1852 1731 1910 ij
1757 1869 1765 1894 :
1796 1853 1882 1895 Leo

356 1921 546 1979 implevit
570 1922 800 1980 speluncas
825 1938 930 1964 suas
940 1923 1084 1980 preda
1103 1938 1191 1980 pro
1213 1924 1372 1965 catulis
1393 1929 1500 1976 suiS‚
1532 1933 1573 1966 et
1598 1923 1736 1965 cubile
1760 1940 1885 1966 suum

357 1995 535 2050 rapina.
559 1993 615 2034 Et
626 1992 824 2051 sequitur
843 2009 851 2035 2
874 1994 986 2036 Ecce
1006 2009 1082 2052 ego
1104 1994 1165 2035 ad
1185 2003 1224 2036 te
1245 1994 1350 2036 dicit
1362 1995 1575 2036 Dominus
1588 1997 1855 2037 exercituum
1872 2010 1885 2036 .·

355 2064 612 2105 succendam
640 2080 773 2123 usque
791 2065 853 2106 ad
876 2066 1059 2123 sumum,
1082 2065 1313 2122 speluncas
1334 2075 1444 2119 tuas,
1470 2075 1511 2108 et
1532 2065 1766 2108 leoniculos
1788 2073 1885 2109 tuos

356 2135 546 2177 comedet
561 2135 773 2192 gladius5
800 2136 1094 2178 exterminabo
1117 2137 1170 2178 de
1196 2145 1318 2178 terra
1349 2138 1535 2195 predam
1571 2147 1703 2190 tuam,
1734 2147 1775 2179 et
1800 2154 1885 2180 non

357 2206 559 2248 audietur
586 2221 668 2250 vox
687 2210 942 2249 nunciorum
965 2212 1176 2251 tuorum-0.
1209 2207 1254 2250 Si
1275 2224 1375 2266 ergo
1394 2219 1458 2250 tot
1480 2208 1606 2262 mala,
1626 2219 1668 2250 et
1689 2219 1753 2250 tot
1774 2225 1885 2267 pene

355 2276 550 2319 accident
576 2277 839 2336 raptoribus,
873 2295 980 2337 quas
1014 2294 1146 2337 penas
1174 2290 1399 2321 merentur
1434 2278 1497 2321 illi
1534 2279 1609 2338 qui
1644 2290 1748 2322 sunt
1779 2295 1883 2322 auc-

356 2358 471 2390 tores
510 2359 552 2390 et
599 2348 790 2391 fautores
832 2349 1014 2392 istorum
1059 2350 1318 2408 raptorum?
1350 2350 1479 2393 Novit
1518 2350 1590 2392 ille
1631 2350 1707 2409 qui
1748 2350 1883 2393 nichil

356 2418 543 2477 ignorat.
590 2419 698 2462 Nam
744 2431 940 2479 prestans
982 2421 1284 2463 auctoritatem
1330 2432 1372 2463 et
1401 2421 1702 2464 defensionem
1748 2421 1887 2464 delin-

355 2489 508 2547 quen-ti
533 2490 703 2548 gravius
739 2502 884 2550 peceat
920 2507 1052 2550 quam
1080 2492 1255 2546 faciens,
1287 2503 1330 2535 et
1357 2492 1491 2552 magis
1518 2503 1583 2535 est
1606 2492 1858 2551 puniendus

356 2560 497 2619 xxiiij.
521 2578 562 2620 g.
593 2561 657 2620 iij.
691 2563 782 2620 Qui
804 2563 995 2605 aliorum
1010 2561 1043 2606 ἢ.

416 2692 465 2739 9.
501 2694 540 2736 Ο
570 2693 747 2736 domine
774 2694 833 2737 mi
860 2711 950 2748 rex,
987 2710 1083 2738 ecce
1108 2695 1353 2754 cujusmodi
1383 2695 1586 2755 decepcio
1615 2696 1665 2739 fit
1696 2712 1774 2755 per
1805 2711 1883 2739 cu-

356 2833 403 2870 V.
425 2835 470 2869 R.
492 2853 536 2862 —
556 2833 776 2882 ⁸tanquam,
801 2835 873 2878 Cl.,
897 2835 943 2870 V.
966 2837 1010 2871 R.

403 2929 445 2967 8.
474 2949 517 2957 -—
536 2930 548 2953 ¹
564 2930 745 2973 aufertur,
769 2930 842 2972 Cl.‚
865 2931 910 2966 V.
932 2931 975 2967 R.

405 3057 443 3081 a.
477 3048 588 3082 Prov.
625 3048 690 3090 XI,
727 3050 785 3084 24.
822 3068 868 3075 —
901 3048 935 3082 b.
973 3049 1062 3083 Isai.
1097 3049 1268 3091 XXXIII,
1305 3053 1338 3086 1.
1368 3070 1411 3076 —
1438 3062 1469 3084 c.
1502 3049 1599 3085 Hab.
1633 3051 1681 3092 II,
1713 3053 1747 3092 6,
1780 3052 1814 3087 8.
1836 3071 1883 3078 -

359 3092 397 3128 d.
422 3095 484 3128 Ps.
508 3095 604 3135 LIV,
629 3097 686 3130 24.
710 3115 752 3122 —
780 3107 812 3130 e.
842 3096 954 3130 Prov.
985 3096 1049 3137 lv,
1076 3098 1133 3131 19.
1156 3117 1200 3124 —
1228 3099 1257 3142 f.
1281 3098 1392 3132 Prov.
1413 3098 1457 3140 V,
1488 3100 1544 3134 23.
1572 3118 1617 3124 -—
1639 3111 1676 3144 g.
1704 3098 1800 3133 Nah.
1830 3099 1879 3141 11,

359 3143 495 3182 1213.
519 3162 560 3169 -·
582 3142 618 3176 k.
641 3142 681 3179 C.
704 3144 761 3184 32,
787 3142 828 3178 C.
851 3143 983 3184 XXIV,
1008 3145 1050 3188 Q.
1074 3146 1108 3179 3.
