2444 3750
1224 372 1435 414 -36-

567 513 588 537 «
628 500 676 539 et
704 491 765 539 de
809 490 1007 556 singulis
1042 490 1376 539 hominibus...
1421 489 1550 537 unde
1590 498 1715 537 terra
1754 489 1829 536 vel
1866 488 2084 538 homines

571 601 591 625 «
625 581 806 645 gravati
830 581 942 638 sint,
979 588 1087 627 ...et
1119 579 1334 627 similiter
1361 579 1630 644 inquiratur
1657 577 1717 625 de
1741 576 1926 624 ballivis
1961 578 2084 642 regis

566 690 586 713 «
627 669 709 734 qui
747 686 834 734 per
870 677 1047 716 terram
1087 685 1222 715 suam
1262 675 1543 716 erraverunt
1588 683 1675 732 pro
1720 666 1922 731 negotiis
1961 665 2085 730 regis

565 779 586 802 «
625 756 872 816 faciendis,
895 757 1010 822 quid
1030 758 1098 804 eis
1118 756 1284 804 datum
1312 757 1416 804 sit¹.
1447 775 1468 801 υ

627 846 856 895 Ricardus
881 850 921 905 I,
945 863 1055 894 aere
1082 846 1240 894 alieno
1261 863 1471 912 pressuS,
1495 845 1747 911 pecuniam
1777 860 2084 909 quocumque

561 935 704 983 modo
725 935 974 983 obtinendi
1002 935 1218 1000 cupiduS,
1252 952 1350 982 non
1377 935 1415 982 is
1443 942 1546 982 erat
1570 932 1803 999 profecto,
1837 933 1920 998 qui
1942 949 2083 980 vexa-

561 1026 714 1072 tiones
735 1033 784 1072 et
809 1025 959 1089 prisas
979 1041 1146 1072 omnes
1173 1024 1358 1071 illicitas
1385 1023 1554 1071 tollere
1580 1021 1882 1070 conaretur’.
1906 1020 2084 1069 Eadem

560 1130 675 1161 vero
693 1112 835 1171 mala,
864 1121 1096 1177 regnante
1116 1116 1320 1171 Joanne,
1341 1113 1530 1177 gravius
1551 1110 1876 1169 invaluerunt,
1905 1110 2085 1175 quippe

559 1203 660 1267 qui,
695 1210 945 1267 praetextu
986 1198 1300 1266 recuperandi
1333 1201 1674 1248 Normanniam
1710 1207 1758 1246 et
1789 1198 1905 1246 alias
1933 1206 2084 1245 terras

559 1308 686 1348 suaS,
711 1289 883 1355 quibus
903 1307 1013 1337 eum
1030 1307 1113 1336 rex
1137 1291 1363 1337 Franciae
1383 1288 1629 1354 Philippus
1656 1288 1960 1353 spoliaverat,
1986 1303 2083 1333 non

560 1387 747 1426 tantum
772 1399 793 1423 «
815 1377 1208 1426 inaestimabilem
1229 1387 1276 1426 et
1295 1376 1719 1442 incomparabilem
1746 1375 1924 1423 faceret
1942 1391 2081 1440 pecu-

564 1488 585 1512 «
628 1468 734 1515 niae
751 1475 1029 1514 numeratae
1042 1467 1360 1524 exactionem,
1377 1465 1520 1512 nullis
1533 1466 1645 1512 viris
1660 1465 1844 1512 clericis
1859 1463 1931 1511 vel
1953 1463 2082 1511 laicis

568 1576 588 1601 «
625 1556 855 1621 parcens³
886 1575 930 1615 »‚
961 1555 1045 1603 sed
1071 1556 1232 1615 etiam,
1266 1576 1287 1600 «
1312 1554 1439 1602 malo
1466 1571 1580 1601 usus
1599 1553 1799 1601 consilio
1827 1560 2015 1618 peteret
2041 1555 2082 1614 (a

568 1665 588 1690 «
622 1644 897 1708 baronibus)
917 1644 1111 1693 castella
1138 1644 1249 1691 sua¹⁴
1271 1664 1290 1688 υ
1307 1680 1319 1702 ,
1341 1644 1729 1708 alienigenasque
1757 1650 1975 1689 tueretur
1999 1641 2082 1706 qui

558 1734 839 1799 frequenter
862 1755 883 1779 «
902 1732 1301 1800 perambulabant
1314 1741 1490 1780 terram
1516 1740 1775 1790 vastantes,
1793 1739 1839 1778 et
1853 1729 2080 1796 praedam

567 1842 588 1867 «
625 1822 916 1888 ubicumque
936 1830 1162 1888 poterant
1187 1819 1471 1886 capientes⁵.
1502 1839 1523 1866 ι

624 1915 990 1970 Verumtamen,
1032 1912 1079 1958 in
1112 1910 1192 1958 illa
1231 1914 1371 1958 Carta
1410 1909 1470 1957 de
1504 1907 1824 1956 Libet-tatibus
1862 1906 2075 1972 Angliae,

556 2018 680 2065 quae
704 2021 725 2045 «
761 2000 890 2065 apud
917 2009 1107 2065 pratum
1134 1997 1446 2063 Runnymede
1471 2018 1492 2042 »
1523 2006 1595 2045 est
1623 1996 1795 2055 edicta,
1836 2011 2079 2060 quamque

558 2098 666 2154 post
705 2098 776 2136 tot
813 2088 1062 2136 diuturnas
1099 2096 1420 2152 cruentasque
1450 2103 1651 2152 pugnas,
1689 2085 1925 2132 Henricus
1954 2087 2018 2130 111
2052 2101 2078 2130 a

556 2177 773 2243 superbis
807 2176 1067 2224 baronibus
1110 2177 1388 2241 compulsus
1427 2173 1715 2222 confirmare
1756 2181 1947 2220 coactus
1985 2179 2075 2229 est,

558 2283 654 2313 non
687 2266 862 2314 desunt
893 2266 1080 2313 articuli
1106 2273 1274 2312 contra
1306 2265 1598 2321 vexationes,
1630 2263 2076 2326 nominesprocura-

556 2356 740 2403 tionum
778 2364 826 2403 et
857 2355 1291 2420 praeemptionum,
1338 2353 1628 2400 commissas.
1678 2339 1897 2411 Quorum
1935 2365 2076 2414 prae-

555 2444 720 2509 cipuos
747 2461 845 2490 non
871 2443 954 2490 abs
976 2460 1027 2490 re
1049 2443 1202 2490 visum
1229 2450 1301 2490 est
1320 2450 1431 2489 ante
1459 2439 1626 2488 oculos
1646 2453 1852 2505 ponere:

610 2687 646 2724 1.
678 2687 750 2724 Ms.
776 2683 1120 2734 Rawlinsonianus,
1138 2685 1180 2722 C.
1206 2684 1296 2723 641.
1321 2705 1374 2712 —
1392 2682 1449 2722 Cf.
1474 2683 1536 2722 W.
1555 2681 1710 2729 stubbs,
1734 2683 1859 2718 Selece
1880 2681 2071 2727 Char-cers,

553 2758 593 2796 p.
620 2745 707 2784 150.

607 2805 644 2843 2.
679 2804 868 2844 Chronica
893 2802 1063 2853 Magistri
1084 2802 1238 2852 Rogerii
1267 2803 1315 2840 de
1339 2801 1562 2848 Hovedene,
1586 2808 1613 2838 t.
1639 2798 1711 2844 ΙΙΙ,
1746 2812 1785 2849 p.
1815 2800 1918 2844 ‘210;
1954 2805 1979 2837 t.
2006 2799 2071 2842 IV.

553 2876 619 2913 pp.
646 2865 709 2907 40,
732 2864 829 2900 63...
858 2861 918 2899 his
938 2861 1055 2911 igitur
1073 2870 1110 2899 et
1132 2861 1272 2898 talibus
1301 2859 1569 2898 vexationibus
1588 2858 1669 2897 sive
1685 2856 1800 2909 juste.
1825 2857 1905 2895 sive
1933 2856 2074 2907 injuste

553 2929 629 2959 tota
660 2921 795 2970 Anglia
824 2934 845 2958 a
879 2921 972 2958 mari
1001 2933 1121 2971 usque
1151 2921 1200 2957 ad
1220 2932 1322 2957 mare
1343 2920 1495 2957 redacta
1514 2925 1571 2956 est
1601 2918 1650 2955 ad
1670 2917 1853 2968 inopiam.
1885 2938 1936 2944 —
1961 2920 2074 2954 Gesta

553 2981 667 3030 Regis
689 2980 860 3027 Ricardi,
883 2993 904 3016 a
925 2979 1130 3017 Benedicto
1153 2978 1305 3022 abbate,
1329 2985 1357 3016 t.
1382 2979 1434 3025 11,
1458 2991 1498 3028 p.
1522 2978 1588 3016 90.

607 3040 648 3078 3.
683 3041 854 3075 Annales
874 3039 1093 3084 Monastlci,
1120 3040 1290 3074 Annales
1307 3037 1354 3073 de
1376 3037 1606 3083 Waverlec'a,
1630 3042 1658 3072 t.
1683 3035 1734 3079 ΙΙ,
1761 3047 1802 3085 p.
1827 3035 1918 3073 264.

605 3098 643 3134 4.
678 3098 860 3134 Chronica
883 3096 1052 3146 Magistri
1074 3096 1228 3146 Roget-ii
1251 3097 1300 3133 de
1323 3096 1542 3142 Hovedene,
1568 3102 1595 3131 t.
1619 3095 1683 3139 lv,
1709 3107 1749 3145 p.
1775 3094 1864 3132 161.

606 3158 642 3194 5.
677 3158 842 3193 Annales
863 3157 1081 3203 Momm-eici,
1106 3157 1274 3192 Annales
1293 3155 1342 3191 de
1363 3155 1594 3201 Waverleia,
1621 3160 1647 3190 t.
1671 3154 1720 3198 ΙΙ,
1749 3165 1787 3203 p.
1815 3153 1889 3191 283

2423 3394 2444 3750 Qua—‘mnssnfiuu
2436 3346 2444 3384 Α.-.
2435 3278 2444 3336 am..
2437 3234 2444 3252 ..
2439 3207 2444 3218 -
