2314 3736
0 2577 3 2650 ἰ

0 2664 4 2700 ι

1003 390 1215 433 -99-

346 490 389 522 et
408 478 711 538 religiosorum
730 491 833 522 sunt
851 480 963 522 bona
985 497 1227 540 pauperum
1247 496 1335 522 non
1357 479 1542 522 divitum
1558 481 1626 538 xvj
1653 496 1696 539 q.
1722 479 1734 522 i
1753 481 1874 538 Quo-

346 554 466 593 riam
488 551 698 609 quiequid
710 549 738 595 ⁶.
770 551 824 593 Et
855 567 933 609 ego
960 551 1056 594 dico
1087 551 1184 604 tibi,
1215 551 1334 609 quod
1355 550 1565 609 quicquid
1593 553 1647 593 ab
1674 551 1736 594 eis
1760 551 1873 593 reci-

347 619 430 680 pis,
458 637 546 663 non
576 633 640 664 est
669 621 751 664 nisi
781 622 967 680 quedam
999 622 1205 675 extorsio,
1235 622 1342 664 dant
1376 622 1493 664 enim
1521 622 1600 664 tibi
1635 633 1677 664 et
1707 622 1794 665 tuis
1826 633 1876 665 ut

346 693 428 735 alia
451 694 562 735 bona
590 709 665 735 sua
697 704 1008 735 conserventur
1028 693 1163 744 illesa,
1189 693 1316 746 sicut,
1348 693 1382 735 si
1409 704 1558 751 raptor
1590 692 1772 735 intraret
1803 693 1878 735 do-

348 779 467 806 mum
502 779 641 805 meam
674 774 717 805 et
742 763 888 805 darem
924 763 1005 806 sibi
1036 764 1310 806 medietatem
1344 765 1563 805 bonorum
1601 779 1799 806 meorum
1827 774 1877 805 ut

348 850 496 877 secure
516 850 685 893 possem
711 834 897 876 retinere
917 834 1046 877 aliam
1076 834 1352 876 medietatem
1378 845 1420 876 et
1451 845 1597 876 tamen
1629 850 1706 893 per
1734 845 1876 892 rapto-

349 921 439 948 rem
451 904 480 958 3,
504 921 580 964 per
600 905 873 958 violenciam,
904 907 953 948 fit
973 905 1124 964 rapina
1146 921 1263 964 ergo,
1294 916 1337 947 et
1361 916 1516 948 cetera.

411 1034 491 1080 14.
522 1036 561 1077 Ο
583 1034 760 1077 domine
786 1034 845 1077 mi
871 1051 962 1086 reX,
991 1051 1041 1076 ex
1063 1051 1151 1093 quo
1176 1050 1294 1077 nunc
1317 1034 1573 1077 benedictus
1599 1036 1718 1077 Deus
1752 1034 1880 1078 mira-

348 1105 494 1148 culose
520 1105 729 1148 liberatus
755 1122 799 1148 es
828 1122 851 1148 a
877 1105 1071 1148 custodia
1104 1105 1281 1148 illorum
1321 1105 1396 1164 qui
1437 1105 1537 1148 talia
1565 1105 1876 1164 permiserunt,

349 1188 392 1219 et
434 1176 676 1219 remedium
733 1176 913 1234 aliquod
966 1192 1187 1235 apponere
1237 1176 1491 1228 noluerunt,
1539 1176 1683 1219 adhuc
1735 1187 1880 1219 tamen

349 1247 511 1290 durant
530 1259 573 1289 et
593 1248 706 1290 fiunt
725 1247 870 1290 omnia
898 1247 1089 1306 predicta
1111 1248 1221 1289 mala
1240 1262 1250 1300 3
1281 1247 1362 1290 hoc
1381 1248 1657 1290 solummodo
1678 1258 1876 1306 excepto,

350 1318 469 1376 quod
490 1318 553 1360 illi
580 1319 633 1360 de
659 1318 776 1361 curia
805 1330 878 1360 tua
903 1335 990 1360 non
1019 1318 1214 1376 capiunt,
1249 1318 1307 1360 ita
1337 1318 1645 1370 communiter,
1672 1319 1786 1360 bona
1817 1334 1881 1360 ec-

350 1388 577 1431 clesiarum
607 1400 656 1431 ut
683 1389 803 1448 prius
835 1389 970 1431 facere
996 1400 1331 1431 consueverunt.
1364 1389 1449 1430 Sed
1476 1388 1596 1440 audi,
1621 1388 1815 1440 domine,
1846 1388 1882 1431 si

351 1459 505 1518 placet,
536 1460 646 1502 mala
673 1476 757 1518 que
778 1460 831 1501 de
853 1476 964 1502 novo
992 1459 1120 1511 fiunt,
1150 1459 1335 1502 veniunt
1365 1459 1500 1517 aliqui
1528 1459 1581 1501 de
1617 1458 1777 1501 familia
1807 1471 1882 1502 tua

350 1530 404 1572 ad
425 1530 646 1573 nundinas
666 1547 764 1573 cum
787 1546 871 1573 una
893 1530 1217 1580 commissione,
1243 1546 1328 1572 non
1352 1546 1400 1572 ex
1424 1540 1546 1588 parte
1567 1529 1667 1582 Dei,
1689 1530 1764 1572 sed
1787 1529 1881 1572 dia-

352 1601 457 1653 boli,
494 1612 536 1643 et
566 1601 745 1660 capiunt
779 1617 878 1643 oves
916 1613 959 1643 et
996 1603 1141 1652 boves,
1173 1617 1316 1644 vaccas
1350 1612 1393 1643 et
1425 1617 1579 1659 porcos
1608 1600 1878 1659 pinguiores,

351 1688 461 1730 quos
500 1683 709 1731 poterunt
748 1672 957 1724 invenire,
993 1683 1144 1714 contra
1178 1671 1446 1714 voluntatem
1497 1671 1797 1723 dominorum,
1841 1681 1884 1714 et

353 1742 487 1786 nichil
519 1743 708 1794 solvunt,
749 1754 926 1802 propter
952 1743 1087 1801 quod,
1118 1759 1269 1785 omnes
1300 1742 1376 1800 qui
1410 1742 1597 1785 veniunt
1636 1742 1691 1784 ad
1722 1741 1886 1785 nundi-

353 1830 428 1856 nas
449 1815 686 1856 turbantur
712 1825 753 1856 et
779 1813 1010 1856 moventur
1036 1825 1078 1856 et
1105 1813 1234 1856 etiam
1254 1824 1341 1855 tota
1365 1813 1502 1871 patria
1524 1813 1883 1872 circumquaque.

352 1885 463 1927 Vide
484 1885 630 1938 modo,
655 1885 834 1927 domine
855 1885 914 1927 mi
933 1901 1023 1936 rex,
1048 1885 1093 1927 in
1116 1901 1204 1942 quo
1227 1884 1420 1943 periculo
1449 1895 1494 1926 tu
1517 1900 1576 1937 es,
1602 1895 1781 1943 propter
1802 1883 1885 1926 hu-

349 1956 544 2014 jusmodi
588 1956 711 1999 facta.
760 1956 891 1998 Venit
941 1972 1054 1998 unus
1099 1972 1264 2014 pauper
1300 1955 1354 1997 ad
1401 1955 1620 1998 nundinas
1653 1971 1752 1997 cum
1794 1970 1884 1997 uno

354 2028 478 2079 bove,
519 2027 651 2086 precii
683 2027 814 2069 unius
845 2043 999 2079 marce,
1024 2038 1066 2068 et
1094 2026 1224 2068 debet
1262 2043 1390 2069 unam
1419 2042 1606 2068 marcam
1635 2025 1799 2068 solvere
1832 2024 1886 2067 ad

353 2110 520 2140 certum
549 2097 664 2139 diem
693 2099 775 2140 sub
797 2098 1029 2140 amissione
1056 2109 1168 2140 terre
1195 2113 1286 2140 sue.
1325 2099 1404 2139 Bos
1427 2113 1531 2139 suus
1561 2096 1732 2155 capitur
1758 2111 1781 2137 a
1809 2094 1886 2137 mi·

355 2168 504 2211 nistris
533 2168 618 2210 tuis
646 2179 688 2210 et
715 2168 850 2211 nichil
878 2167 960 2210 sibi
993 2167 1190 2219 solvitur,
1222 2179 1403 2226 propter
1429 2167 1547 2226 quod
1575 2178 1734 2209 terram
1763 2181 1886 2208 suam

355 2237 518 2280 amittit
548 2238 646 2296 quia
680 2254 769 2280 non
797 2238 925 2280 solvit
950 2238 1147 2281 debitum
1182 2255 1311 2281 suum
1339 2238 1390 2280 ad
1412 2238 1527 2279 diem
1550 2237 1703 2281 fixum.
1736 2234 1890 2294 Aliqui

356 2308 502 2362 etiam,
526 2325 715 2367 quorum
737 2325 835 2352 oves
855 2320 898 2351 et
919 2310 1047 2351 boves
1073 2309 1307 2368 capiuntur
1329 2325 1417 2351 non
1440 2308 1616 2351 solvunt
1642 2307 1789 2350 debita
1815 2322 1891 2350 sua

356 2380 646 2423 creditoribus
680 2380 784 2431 suis,
827 2381 881 2422 ad
920 2380 1035 2423 diem
1068 2392 1251 2433 certum,
1283 2392 1464 2439 propter
1500 2379 1620 2438 quod
1657 2379 1890 2422 incurrunt

357 2451 619 2510 perjurium,
649 2450 1167 2503 excommunimcionem,
1192 2462 1234 2494 et
1260 2462 1522 2510 reputantur
1548 2450 1642 2492 falsi
1670 2449 1888 2502 homines,

359 2533 402 2564 et
428 2522 564 2564 multa
593 2522 702 2564 mala
740 2522 945 2564 accidunt
977 2533 1156 2581 propter
1187 2521 1443 2580 hujusmodi
1474 2520 1718 2580 capciones.
1751 2521 1891 2562 Immo

359 2604 406 2635 tu
429 2593 587 2636 teneris
608 2609 751 2635 coram
779 2595 872 2636 Deo
898 2593 953 2653 ad
980 2593 1128 2636 omnia
1143 2588 1337 2652 'dampna
1367 2593 1562 2643 illorum,
1593 2602 1708 2634 certe
1729 2590 1789 2633 sic
1809 2601 1891 2644 est,

360 2679 412 2706 ex
437 2679 526 2722 quo
554 2664 655 2707 talia
689 2663 818 2717 fiunt,
850 2675 890 2706 te
923 2663 1104 2718 sciente,
1138 2675 1182 2706 et
1215 2662 1446 2716 maxime¹,
1481 2679 1533 2705 ex
1566 2678 1655 2721 quo
1689 2661 1897 2704 facientes

362 2823 536 2864 debeant,
560 2823 633 2864 Cl.‚
657 2823 702 2858 V.
723 2824 766 2858 R.
789 2843 836 2851 —
857 2823 870 2845 ³
886 2824 973 2871 (per
995 2829 1187 2870 raptorem
1205 2838 1251 2850 -·—
1268 2823 1378 2869 ergo)
1395 2822 1581 2857 violenter
1604 2821 1646 2856 fit
1674 2820 1896 2868 hujusmodi

363 2871 508 2917 rapina,
528 2870 602 2912 CL,
626 2870 673 2905 V.
698 2872 742 2905 R.

413 2965 484 3002 14.
513 2986 558 2992 -
578 2966 589 2988 ¹
606 2966 668 3012 (ex
686 2978 759 3013 quo
781 2967 962 3001 facientes
985 2966 1097 3012 hujus
1119 2965 1282 3012 extorta)
1303 2977 1374 3001 om.
1398 2965 1471 3006 Cl.,
1493 2963 1538 2999 V.
1562 2964 1621 3006 R.,
1646 2963 1689 2998 F.

366 3084 544 3118 defensor
559 3096 644 3117 esse
663 3085 907 3118 ecclesiarum
928 3090 964 3118 et
986 3095 1182 3118 servorum
1203 3083 1287 3117 Dei.
1306 3096 1324 3116 »
1346 3102 1391 3108 —
1412 3082 1523 3128 Hugo
1544 3083 1589 3116 de
1609 3081 1744 3115 Sancta
1761 3079 1898 3122 Maria,

365 3132 409 3165 P.
431 3133 484 3171 L.‚
502 3131 537 3164 ts
554 3131 722 3171 CLXIII,
741 3144 776 3177 p.
793 3133 860 3167 948
880 3145 886 3165 ε
913 3145 931 3165 «
947 3131 1103 3177 Egregii
1120 3131 1306 3177 principis
1324 3136 1382 3164 est
1398 3130 1577 3163 ecclesias
1594 3129 1703 3175 regni
1720 3129 1779 3163 sui
1796 3128 1900 3163 aedi-

367 3178 464 3213 ficiis
482 3179 762 3213 venustissimis
782 3180 975 3213 decorare.
1000 3191 1019 3211 >›
1047 3198 1086 3204 —
1110 3178 1143 3211 b.
1176 3177 1216 3213 C.
1240 3180 1297 3218 67,
1324 3177 1365 3213 C.
1388 3177 1487 3217 XVI,
1515 3178 1558 3223 Q.
1583 3178 1617 3211 1.
