2444 3750
1241 381 1287 388 -
1322 356 1370 399 34
1402 379 1452 389 --

585 475 757 526 domus
789 477 946 541 regiae
985 477 1249 524 necessaria
1280 476 1688 525 ministrabantur.
1720 481 1918 527 Statutis
1949 481 2108 547 itaque

578 563 899 630 temporibus,
931 562 1148 610 victualia
1183 562 1244 610 de
1270 562 1429 610 fundis
1449 565 1588 628 regiis
1621 564 1807 612 vassalli
1840 566 1898 613 ad
1925 568 2104 615 curiam

584 652 880 700 deferebant.
906 655 1102 699 Certum
1130 660 1288 698 autem
1315 651 1557 699 habebant
1583 652 1810 701 officiales
1836 654 2008 702 domus
2030 672 2107 703 re-

584 742 706 806 giae,
742 759 767 788 a
808 740 981 805 quibus
1018 740 1319 787 comitatibus
1358 741 1586 799 triticum,
1621 759 1646 788 a
1678 741 1851 807 quibus
1895 743 2108 792 diversae

586 831 766 896 species
786 830 1018 885 carnium,
1046 828 1121 875 vel
1142 846 1377 894 equorum
1399 829 1590 894 pabula,
1619 830 1696 878 vel
1725 831 1908 896 singula
1938 849 2106 880 neccs-

586 920 705 966 saria
733 918 1046 965 deberentur.
1077 917 1263 977 Quibus
1298 917 1484 985 solutis,
1511 919 1774 966 secundum
1796 921 2109 968 constitutum

586 1006 783 1054 modum
831 1007 973 1053 unius
1022 1006 1255 1071 cujusque
1305 1008 1391 1066 rei,
1449 1006 1675 1055 officiales
1722 1010 1845 1074 regis
1898 1010 2109 1058 rationes

584 1094 916 1153 conferebant,
958 1094 1204 1160 vectigalia
1248 1113 1469 1160 quaeque
1519 1095 1791 1161 redigentes
1841 1098 1889 1143 in
1931 1099 2109 1161 justam

585 1184 896 1231 denariorum
925 1201 1179 1231 summam.
1211 1185 1373 1249 Viguit
1395 1185 1534 1248 igitur
1559 1184 1636 1232 hic
1662 1185 1832 1250 agendi
1862 1186 2053 1245 modus,
2082 1204 2108 1234 a

585 1271 883 1338 temporibus
939 1271 1174 1319 Willelmi
1223 1274 1347 1337 regis
1398 1290 1550 1338 usque
1599 1273 1657 1320 ad
1713 1282 1930 1340 tempora
1978 1276 2106 1339 regis

586 1362 796 1419 Henrici,
826 1361 929 1424 ejus
955 1360 1052 1407 filii.
1086 1365 1206 1408 Cum
1234 1370 1395 1408 autem
1422 1363 1675 1421 Henricus,
1707 1363 1753 1409 in
1782 1365 2108 1412 transmarinis

585 1452 880 1516 remotisque
898 1450 1114 1516 partibus
1140 1452 1415 1516 saepissime
1434 1461 1722 1510 versaretur,
1753 1461 1800 1500 et
1818 1453 1866 1499 in
1887 1453 2109 1500 sedandis

585 1539 870 1587 tumultibus
897 1547 945 1586 et
965 1538 1277 1586 seditionibus
1300 1557 1497 1605 operam
1517 1549 1736 1606 poneret,
1766 1541 1945 1606 ingenti
1972 1542 2107 1608 copia

585 1636 866 1675 numeratae
892 1628 1123 1693 pecuniae
1152 1627 1372 1693 indiguit.
1409 1628 1613 1676 Aliunde
1641 1646 1775 1688 vero,
1808 1629 1867 1677 ad
1893 1630 1997 1693 ejus
2020 1647 2107 1678 cu-

583 1717 705 1763 riam
759 1715 988 1764 exhausta
1040 1715 1324 1763 colonorum
1375 1716 1634 1764 multitudo
1679 1717 1976 1789 confluebat,
2031 1718 2106 1766 vel

586 1804 733 1870 (quod
753 1805 797 1852 ei
816 1805 1005 1869 gravius
1022 1804 1189 1852 videba
1197 1806 1288 1867 tur)
1305 1806 1630 1869 praetereunti
1649 1805 1927 1871 frequenter
1942 1823 2106 1854 occur·

585 1892 737 1952 sabat,
760 1892 932 1940 oblatis
950 1892 1245 1951 vomeribus,
1272 1913 1294 1938 «
1323 1894 1372 1939 in
1394 1894 1582 1958 signum
1608 1893 1872 1941 deficientis
1907 1893 2105 1959 agricul-

585 1990 719 2029 turae
750 2000 794 2028 ».
819 1982 1120 2029 Gravissimis
1156 1982 1285 2029 enim
1316 1981 1544 2029 molestiis
1574 1981 1937 2048 premebantur,
1966 1999 2108 2031 occa-

583 2071 719 2117 sione
744 2069 1037 2127 victualium,
1057 2087 1181 2134 quae
1195 2087 1281 2135 per
1300 2070 1529 2135 plurimas
1546 2071 1679 2135 regni
1692 2079 1850 2135 partes
1872 2088 1898 2118 a
1916 2070 2108 2119 sedibus

584 2159 678 2205 suis
717 2157 904 2206 deferre
941 2157 1251 2222 cogebantur.
1291 2157 1390 2205 Illis
1409 2159 1551 2222 igitur
1588 2158 1798 2224 querelis
1837 2168 2108 2207 commotus

582 2264 684 2305 rex,
714 2255 977 2294 convocato
1003 2263 1259 2312 procerum
1284 2247 1505 2305 concilio,
1543 2246 1762 2294 homines
1792 2247 1953 2333 elygst,
1983 2264 2106 2312 quos

581 2335 642 2383 ad
668 2335 712 2382 id
749 2334 1081 2401 prudentiores
1118 2343 1167 2382 et
1198 2334 1499 2383 discretiores
1538 2351 1641 2382 esse
1679 2333 1982 2394 existimavit,
2022 2336 2105 2401 qui

579 2433 735 2472 totum
771 2441 973 2489 regnum
1006 2424 1332 2482 circumirent,
1368 2432 1417 2471 et
1456 2423 1640 2471 oculata
1680 2422 1773 2471 fide
1804 2423 1978 2471 fundos
2009 2425 2101 2471 sin-

574 2513 714 2578 gulos
739 2513 1108 2578 perlustrarent.
1134 2513 1359 2573 Quicum
1380 2513 1696 2560 instituissent
1721 2513 2101 2560 aestimationem

572 2601 851 2649 victualium
882 2618 1006 2666 quae
1026 2600 1085 2648 de
1106 2600 1303 2665 singulis
1322 2599 1482 2647 fundis
1509 2599 1837 2658 solvebantur,
1861 2600 2030 2648 eadem
2050 2601 2098 2648 in

576 2707 815 2737 summam
835 2689 1144 2737 denariorum
1164 2689 1482 2754 redegerunt:
1506 2688 1607 2752 ejus
1628 2706 1740 2736 vero
1760 2682 2010 2755 pecuniae,
2039 2705 2099 2736 ex

576 2778 800 2826 omnibus
835 2778 995 2824 fundis
1024 2779 1072 2824 in
1107 2794 1402 2843 unoquoque
1431 2778 1658 2825 comitatu
1692 2778 1932 2836 redactae,
1969 2779 2098 2826 vice-

576 2884 737 2915 comes
758 2868 995 2914 scaccario
1015 2867 1249 2913 rationem
1271 2865 1517 2913 reddebat.
1542 2869 1646 2914 Non
1660 2865 1917 2913 defuerunt
1935 2875 2095 2913 autem

575 2956 897 3013 vicecomites,
928 2956 1029 3019 qui,
1065 2971 1175 3002 cum
1205 2953 1521 3019 agricolarum
1560 2962 1609 3001 et
1644 2971 1909 3019 pauperum
1946 2953 2097 3001 detri-

577 3051 742 3090 mento
762 3052 907 3107 atque
933 3042 1103 3105 injuria
1123 3041 1296 3090 fierent
1323 3041 1434 3090 inde
1455 3041 1810 3107 locupletiores.

643 3131 920 3194 Cujusmodi
942 3131 1141 3194 injuriae
1166 3139 1426 3178 creverunt
1445 3131 1493 3177 in
1513 3130 1699 3195 Angfia,
1727 3139 1961 3195 regnante
1987 3133 2098 3179 Ste-
