2444 3750
1259 775 1464 821 CAPUT
1499 777 1578 821 IV.

830 991 888 1021 ms:
923 989 1355 1021 PROCURATIONIBUS
1389 990 1436 1020 m
1470 989 1635 1020 GALLIA
1669 990 1873 1021 SAECULO
1905 991 2001 1021 xlv.

722 1123 804 1167 Est
820 1120 953 1167 locus
975 1119 1190 1185 quidam,
1208 1120 1256 1166 in
1274 1118 1435 1166 libello
1460 1120 1665 1166 Simonis
1689 1119 1820 1185 Islip,
1845 1120 1999 1183 cujus,
2027 1121 2074 1166 ni
2099 1119 2179 1167 fal-

657 1208 750 1266 lor,
771 1217 921 1256 totam
936 1209 1033 1255 vim
1052 1225 1320 1273 verumque
1341 1225 1535 1255 sensum
1550 1209 1818 1273 perspicere
1843 1225 1941 1255 non
1969 1208 2088 1255 adeo
2108 1216 2181 1255 est

657 1296 812 1355 facile,
845 1306 894 1344 et
921 1298 1003 1361 qui
1031 1295 1169 1343 nobis
1204 1297 1505 1343 mirationem
1537 1305 1586 1343 et
1619 1295 1964 1343 dubitationem
1997 1297 2175 1359 injicit:

658 1385 942 1432 Edwardum
971 1389 1036 1432 III
1062 1385 1283 1432 hortatur
1309 1385 1494 1443 Simon,
1530 1393 1582 1431 ut
1608 1385 1655 1431 in
1689 1384 1814 1432 bene
1839 1384 2047 1449 regenda
2071 1401 2182 1432 cum

657 1474 830 1522 familia
868 1474 1016 1538 regia,
1058 1482 1161 1520 tum
1199 1474 1393 1520 natione
1430 1474 1550 1538 ipsa,
1590 1473 1915 1520 adversarium
1949 1474 2178 1529 imitetur,

659 1579 836 1628 nempe
854 1562 1126 1627 Philippum
1142 1565 1235 1610 VI:
1259 1582 1280 1606 «
1304 1562 1447 1619 Vide,
1468 1563 1722 1609 dominum
1743 1566 1969 1618 Francie,
1996 1572 2182 1626 quanto

656 1652 1012 1707 moderamine,
1046 1668 1196 1715 quam
1220 1655 1486 1715 sapienter,
1518 1668 1669 1715 quam
1691 1655 1936 1715 sagaciter
1946 1652 2083 1710 facit
2098 1667 2179 1697 ex·

646 1757 836 1805 pensas
858 1757 947 1787 sue
972 1741 1165 1787 domas.
1194 1743 1262 1786 Ec
1287 1757 1351 1786 ex
1376 1756 1474 1803 quo
1511 1744 1615 1804 ipse
1628 1741 1763 1800 facit
1789 1744 2041 1804 sapienter
2064 1756 2181 1786 con·

656 1829 768 1876 salo
794 1829 933 1893 quod
956 1839 1009 1875 tu
1015 1830 1191 1888 facias
1213 1829 1467 1875 similiter¹
1505 1847 1526 1873 υ
1542 1863 1553 1875 .

722 1921 898 1966 Utrum
918 1918 1042 1981 regis
1068 1918 1218 1964 nostri
1249 1916 1416 1964 laudes
1440 1917 1547 1964 ideo
1567 1917 1680 1982 Islip
1706 1917 1921 1975 extollat,
1953 1917 2182 1982 quoniam

658 2005 815 2053 nullas
850 2005 914 2052 ibi
948 2004 1053 2053 fieri
1090 2006 1287 2069 injurias
1319 2006 1367 2052 in
1403 2005 1705 2070 requirendis
1742 2005 2050 2070 vectigalibus
2093 2022 2182 2071 pro

657 2103 790 2142 certo
811 2093 1002 2153 habeat,
1025 2111 1086 2141 an
1106 2095 1217 2159 quia
1245 2102 1432 2141 tantum
1463 2095 1513 2140 in
1539 2095 1699 2141 animo
1724 2093 1869 2141 habet
1900 2102 1953 2140 ut
1972 2093 2180 2158 denique

658 2182 772 2230 velit
806 2182 1066 2229 Edwardus
1100 2181 1323 2229 omnibus
1361 2183 1520 2230 nervis
1557 2182 1866 2239 contendere,
1914 2190 1963 2229 et
2006 2183 2054 2228 in
2092 2181 2183 2229 hoc

657 2269 895 2329 laborare,
924 2279 978 2317 ut
1003 2287 1102 2317 non
1123 2270 1280 2317 solum
1305 2271 1448 2318 armis
1469 2269 1553 2318 sed
1579 2271 1722 2317 etiam
1745 2271 1925 2333 justitia
1945 2279 1994 2317 et
2014 2270 2182 2334 aequi-

656 2366 755 2406 tate
793 2358 1067 2424 Philippum
1105 2368 1318 2424 superet,
1356 2358 1474 2406 illud
1508 2358 1724 2424 profecto
1761 2341 1954 2406 difficile
1987 2358 2183 2422 dignos-

656 2447 808 2506 citur;
838 2464 929 2494 nec
947 2455 1162 2495 ceterum
1183 2448 1302 2495 tanti
1319 2456 1482 2494 nostra
1502 2448 1718 2495 interest.

720 2539 876 2600 Atque
901 2536 1084 2583 utinam
1109 2535 1337 2583 valuisset
1361 2536 1667 2601 exemplum3
1696 2535 1779 2583 sed
1805 2534 2052 2583 infirmum
2078 2543 2182 2583 erat

655 2632 704 2670 et
723 2624 1122 2689 inopportunum.
1140 2623 1394 2672 Florebant
1407 2626 1536 2672 enim
1557 2626 1606 2671 in
1624 2624 1776 2672 Gallia
1792 2625 2177 2690 procurationes,

654 2711 966 2776 regnantibus
999 2712 1219 2777 Philippo
1249 2716 1314 2760 VI
1345 2721 1394 2760 et
1420 2712 1635 2775 ejusdem
1665 2713 1823 2777 stirpis
1855 2711 2178 2777 principibust,

653 2801 936 2865 quinetiam,
981 2800 1128 2847 veluti
1166 2802 1298 2847 omni
1329 2802 1577 2858 memoria,
1623 2801 2005 2865 procurationes,
2053 2798 2180 2864 apud

654 2897 845 2935 nostros
871 2888 1089 2935 floruisse
1116 2890 1228 2936 satis
1248 2889 1476 2936 constat².

709 3062 744 3100 1.
777 3063 806 3098 B
864 3061 969 3100 XLI.

704 3120 743 3157 2.
773 3062 845 3157 ,1αὲ
870 3122 1203 3168 mansionaticum,
1237 3119 1291 3158 ait
1313 3119 1492 3171 Cangius,
1519 3120 1590 3159 sub
1616 3119 1738 3171 prima
1771 3127 1808 3158 et
1838 3119 2007 3158 secunda
2038 3131 2172 3170 regum

651 3185 867 3216 nostrorum
899 3178 1048 3231 stirpe;
1085 3179 1157 3217 sub
1188 3178 1297 3217 tertia
1330 3191 1421 3218 vero
1455 3181 1613 3230 gistum,
1644 3180 1883 3230 procuratio,
1915 3180 2168 3234 coenaticum,
