2444 3750
1269 379 1484 420 -74-

682 496 855 544 Procul
883 495 1030 544 dubio
1055 496 1266 545 imbutus
1292 506 1395 546 erat
1424 498 1592 546 eadem
1623 498 1841 548 doctrina
1871 502 2136 568 eademque

615 585 861 651 disciplina
882 594 1027 650 atque
1050 587 1235 651 antiqui
1266 587 1371 646 viri,
1404 604 1611 651 quorum
1638 590 1919 637 auctoritate
1949 590 2135 639 niteba-

617 684 712 734 tur,
734 691 943 740 quorum
963 675 1222 722 sententias
1242 684 1290 722 et
1308 675 1408 741 ipsa
1427 675 1574 723 verba
1597 677 1872 742 usurpabat,
1898 679 2013 726 utin
2033 679 2135 743 ejus

616 771 779 810 mente
803 779 948 827 quem
980 762 1324 810 exhortabatur
1349 764 1486 828 quasi
1517 764 1707 812 aculeos
1732 766 1966 830 quosdam
1993 767 2134 815 relin-

615 859 804 916 queret.
836 854 906 898 Ex
933 851 1023 898 illis
1054 850 1260 899 habebat
1291 852 1395 915 ejus
1420 868 1578 900 sermo
1606 861 1775 900 utnon
1809 863 1935 902 esset
1961 856 2132 915 inanis,

608 940 820 1003 jejunus,
859 948 909 987 et
942 924 1094 998 exilis,
1132 940 1217 987 sed
1246 940 1453 1005 polleret
1484 942 1619 1006 quasi
1653 942 1815 990 colore
1848 942 2058 1008 quodam
2087 953 2137 992 et

613 1045 756 1076 succo
777 1045 883 1087 su0,
910 1037 963 1076 ut
982 1029 1155 1093 gravis,
1184 1037 1236 1076 ut
1256 1029 1394 1089 leniS,
1418 1038 1470 1078 ut
1497 1031 1779 1090 concitatuS,
1802 1040 1855 1079 ut
1877 1031 2136 1080 vehemens

615 1206 659 1239 P.
691 1204 749 1246 L.,
773 1207 801 1240 t.
825 1201 907 1246 CII,
930 1213 971 1252 p.
995 1202 1085 1241 934.
1111 1224 1163 1230 —
1182 1204 1311 1251 Jonas,
1344 1201 1627 1240 Aurelianensis
1654 1201 1871 1254 episcopus,
1894 1208 1950 1241 De
1977 1206 2134 1243 institu-

615 1261 715 1296 tione
734 1260 861 1309 regia,
883 1260 933 1296 ad
956 1259 1160 1311 Pippinum
1191 1273 1334 1311 regem,
1357 1266 1401 1298 P.
1425 1266 1485 1307 L.,
1514 1268 1542 1300 t.
1567 1262 1662 1307 CVI,
1691 1274 1730 1312 p.
1763 1264 1852 1301 117.
1881 1285 1934 1291 —-·
1959 1264 1998 1301 S.
2029 1266 2134 1314 Ago-

616 1319 774 1365 bardus,
789 1319 1058 1368 Lugdunensis
1068 1320 1285 1371 episcopus,
1301 1325 1358 1357 De
1371 1322 1657 1369 comparatione
1667 1322 1870 1370 regiminis
1882 1324 2136 1360 ecclesiastici

614 1387 651 1415 et
663 1379 832 1429 politici,
858 1382 904 1415 P.
927 1382 986 1425 L.,
1006 1385 1033 1418 t.
1057 1380 1154 1424 CIV,
1174 1392 1218 1430 p.
1253 1381 1345 1417 291.
1367 1401 1420 1407 —
1452 1378 1576 1416 Julius
1605 1381 1753 1424 Scotus,
1782 1377 1929 1430 junior,
1954 1380 2064 1418 Liber
2087 1382 2137 1419 de

615 1436 824 1474 rectoribus
843 1437 1082 1483 christianis,
1107 1446 1147 1474 et
1163 1437 1466 1474 convenientibus
1488 1439 1648 1488 regali5‚
1672 1437 1810 1487 quibus
1828 1447 1888 1475 est
1902 1452 1964 1476 res
1976 1439 2136 1490 publica

616 1497 690 1533 rite
707 1495 976 1545 gubernanda,
1006 1496 1056 1533 ad
1077 1496 1254 1534 Carolum
1287 1499 1468 1546 Magnum
1494 1496 1556 1533 vel
1577 1495 1816 1534 Ludovicum
1843 1497 1966 1542 Pium,
1997 1504 2040 1536 P.
2073 1503 2133 1547 L.,

617 1562 643 1592 t.
669 1556 774 1602 CIII,
799 1567 838 1606 p.
863 1555 954 1592 294.
986 1577 1038 1582 —
1063 1554 1306 1603 Hincmarus,
1335 1555 1559 1593 Rhemensis
1586 1555 1912 1606 archiepiscopus,
1943 1562 1999 1593 De
2031 1559 2138 1607 regis

608 1626 793 1665 persona,
825 1621 865 1649 et
892 1615 999 1663 regio
1023 1615 1251 1661 ministerio,
1283 1615 1331 1652 ad
1362 1613 1538 1652 Carolum
1567 1613 1740 1659 Calvum,
1772 1619 1815 1651 P.
1841 1619 1897 1660 L.,
1926 1622 1954 1653 t.
1979 1617 2132 1662 CXXV,

614 1686 654 1724 p.
681 1673 779 1717 833;
825 1674 918 1710 Novi
949 1674 1054 1722 regis
1092 1674 1306 1722 instructio,
1339 1674 1396 1710 ad
1421 1681 1565 1709 rectam
1597 1675 1708 1723 regni
1742 1673 2133 1722 administrationem,

614 1731 663 1770 ad
689 1731 928 1769 Ludovicum
959 1731 1133 1779 Balbum,
1156 1737 1200 1769 Ρ.
1226 1737 1252 1769 L
1275 1761 1284 1780 ‚
1317 1739 1343 1769 t.
1367 1733 1522 1777 CXXV,
1546 1745 1585 1783 p.
1610 1733 1684 1771 840
1706 1748 1715 1777 ς
1750 1737 1803 1768 De
1834 1733 1969 1769 ordine
1987 1734 2137 1770 Palatii

615 1789 684 1842 (M.
717 1793 831 1838 Prou,
865 1790 1123 1840 Bibliotheqae
1150 1791 1200 1827 de
1229 1793 1369 1828 l’Ecole
1390 1792 1457 1828 des
1484 1796 1630 1828 Hautes
1659 1792 1815 1838 Etudes,
1849 1793 1913 1829 58*Ξ
1944 1791 2134 1839 fascicule,

619 1849 750 1902 1885).
774 1872 825 1878 —
843 1851 957 1899 Hugo
976 1850 1024 1887 de
1045 1853 1179 1888 Sancta
1198 1851 1328 1895 Maria,
1351 1850 1560 1888 monachus
1577 1850 1839 1895 Floriacensis,
1866 1854 2070 1887 Tractatus
2088 1851 2138 1887 de

616 1911 728 1959 regia
743 1917 934 1959 potestate
958 1917 995 1945 et
1013 1910 1250 1946 sacerdotali
1270 1910 1477 1959 dignitate,
1502 1915 1545 1946 P.
1570 1915 1629 1957 L.,
1652 1917 1680 1947 t.
1710 1910 1882 1953 CLXIII,
1906 1922 1946 1960 p.
1973 1911 2062 1948 791.
2087 1931 2136 1939 -

617 1971 749 2006 Petrus
770 1967 1021 2011 Lombardus,
1045 1968 1225 2018 magister
1245 1968 1536 2014 Sententiarum,
1562 1970 1860 2013 Sententiarum,
1880 1968 1947 2006 lib.
1971 1970 2026 2013 11;
2053 1970 2136 2005 Dis-

617 2029 740 2073 tinet„
763 2029 901 2074 XLIV,
925 2035 995 2066 art.
1023 2029 1059 2070 3,
1082 2028 1131 2064 de
1150 2027 1381 2076 obedientia,
1403 2032 1445 2064 P.
1472 2033 1531 2075 L.,
1556 2035 1582 2065 t.
1601 2029 1731 2071 CXCI,
1753 2041 1791 2078 p.
1817 2029 1907 2065 757.
1923 2050 1975 2055 -
1996 2030 2033 2064 S.
2050 2030 2137 2065 Ber·

617 2087 775 2132 nardus,
817 2085 927 2123 Liber
962 2087 1011 2123 de
1052 2087 1388 2133 Consideranone3
1430 2088 1626 2137 Epistolae
1658 2089 1792 2124 variae
1830 2087 1888 2123 ad
1923 2087 2138 2123 conradum

617 2159 761 2195 regem.
798 2150 842 2184 P.
875 2150 935 2191 L.,
968 2152 995 2184 t.
1038 2147 1230 2183 CLXXX.
1266 2168 1317 2174 —
1345 2146 1538 2183 Johannes
1574 2145 1867 2183 Saresberiensis
1899 2145 2139 2183 Carnotensis

616 2205 831 2256 episcopus,
861 2206 1141 2252 Polym-acleus,
1165 2206 1242 2241 sive
1261 2205 1310 2241 de
1335 2206 1450 2255 nugis
1475 2206 1683 2241 curialium
1713 2214 1752 2241 et
1779 2206 1950 2254 vestigiis
1965 2205 2136 2255 philoso-

610 2265 791 2315 phorum,
815 2268 858 2302 P.
882 2268 940 2310 L.,
967 2271 995 2301 t.
1028 2265 1198 2309 CXCIX,
1223 2277 1261 2314 p.
1295 2265 1384 2302 185.
1408 2287 1458 2292 —
1479 2266 1517 2302 S.
1549 2264 1727 2308 Thomas,
1751 2265 1799 2300 de
1819 2265 2007 2317 regimine
2020 2266 2136 2314 prin-

615 2325 758 2373 cipum.
794 2345 846 2350 —
875 2322 1059 2372 Aegidius
1087 2325 1295 2367 Romanus,
1325 2322 1570 2360 Bituricensis
1595 2322 1920 2373 archiepiscopus.
1950 2328 2005 2359 De
2037 2325 2137 2373 regi-

616 2383 717 2418 mine
725 2383 960 2432 principum,
979 2381 1066 2419 libri
1079 2389 1167 2426 tres,
1185 2383 1282 2419 Hist.
1301 2384 1408 2428 Litt.,
1426 2390 1452 2419 t.
1466 2384 1595 2419 XXX.
1612 2403 1663 2410 —
1678 2381 1864 2419 Geraldus
1881 2381 2135 2429 Cambrensis,

617 2446 673 2478 De
699 2442 895 2491 principis
929 2442 1179 2480 institutione.
1221 2440 1345 2478 Julius
1384 2444 1423 2485 B,
1460 2442 1555 2477 XIII
1593 2439 1646 2491 (in
1685 2443 1838 2478 Musaeo
1877 2439 2130 2492 Britannico).

621 2499 820 2548 Edinbarg
832 2501 986 2547 Revieav,
1005 2507 1031 2536 t.
1050 2501 1153 2543 VIII,
1170 2513 1207 2550 p.
1228 2501 1300 2537 399
1317 2513 1325 2548 ;
1344 2499 1482 2536 Dublc'n
1504 2501 1660 2544 Review,
1676 2506 1703 2536 t.
1722 2500 1903 2540 XXVIII.
1920 2511 1958 2549 p.
1981 2500 2069 2538 111.
2086 2521 2138 2527 —

618 2557 857 2595 Helinandus
877 2558 1085 2595 monachus
1100 2558 1373 2596 Cisterciensis.
1393 2563 1435 2594 P.
1461 2563 1520 2604 L.,
1542 2565 1568 2597 t.
1593 2559 1743 2603 CCXII,
1768 2570 1806 2608 p.
1831 2559 1921 2594 477.
1945 2579 1996 2586 —
2018 2560 2136 2607 Roge-

618 2630 682 2654 rus
711 2616 919 2659 waltham,
951 2616 1015 2656 cit.
1051 2617 1153 2667 apud
1182 2619 1223 2655 C.
1249 2618 1292 2656 L.
1321 2616 1547 2666 Kingssord,
1578 2622 1736 2654 Carmen
1762 2617 1811 2652 de
1833 2615 1928 2652 bello
1956 2619 2134 2663 laewensi,

618 2689 655 2726 p.
684 2677 771 2722 136,
796 2674 834 2711 in
858 2675 1068 2711 Bodleiana
1091 2675 1183 2712 Bibl.
1205 2676 1331 2713 Laud.
1353 2677 1442 2714 616.
1463 2697 1515 2703 -—-
1535 2675 1752 2713 Alexander
1772 2674 1958 2718 Halensis.
1980 2679 2139 2712 Summa

623 2735 865 2784 Tlteologc'ae,
881 2747 919 2785 q.
946 2736 1182 2781 Y1.V111‚m.
1205 2737 1236 2782 Ι,
1254 2742 1323 2772 art.
1343 2736 1393 2777 ΙΙ,
1417 2734 1509 2772 edit.
1537 2735 1652 2772 1022.
1672 2756 1723 2763 —
1740 2735 1904 2771 Joannes
1921 2733 2135 2781 Wallensis,

618 2798 778 2830 Summa
806 2794 1066 2830 collationum.
1098 2793 1279 2839 Venetiis,
1319 2794 1434 2832 1496.
1466 2793 1522 2830 Cf.
1558 2793 1671 2831 C.-L.
1702 2792 1928 2842 Kingsford,
1961 2806 2019 2842 op.
2051 2794 2135 2840 εῖτ..

616 2865 660 2903 ρ,
693 2853 779 2890 143.
805 2874 853 2880 -
885 2854 1095 2897 Praeterea,
1119 2865 1167 2890 ex
1197 2851 1354 2902 epistola
1385 2852 1548 2902 quadam
1571 2851 1706 2889 Adami
1735 2852 1783 2888 de
1810 2850 1968 2888 Matisco
1994 2858 2139 2888 constat

617 2910 827 2948 Robertum
860 2911 1075 2948 Grossetete
1102 2910 1297 2961 scripsisse
1327 2910 1553 2961 opusculum
1577 2910 1772 2961 quoddam
1799 2910 1846 2947 de
1879 2913 1970 2947 Arte
1996 2909 2138 2959 guber-

617 2969 750 3014 nandi,
789 2982 875 3007 nam
896 2970 1066 3007 Adamus
1086 2969 1120 3007 ei
1141 2969 1253 3007 dicit:
1292 2984 1308 3004 α
1335 2969 1498 3007 Remitto
1533 2968 1791 3006 nominationi
1820 2970 1972 3006 Vestrae
1998 2968 2138 3006 abbre-

618 3027 823 3065 viationem
844 3027 960 3072 illam,
982 3041 1096 3079 quam
1115 3027 1318 3079 scripsistis
1331 3029 1379 3066 de
1392 3026 1606 3079 principatu
1621 3027 1727 3077 regni
1741 3035 1777 3065 et
1793 3027 2019 3076 tyrannidis,
2042 3026 2140 3064 sicut

618 3086 772 3124 misistis
797 3086 983 3137 signatam
1013 3086 1122 3137 signo
1144 3087 1293 3124 comitis
1326 3087 1561 3136 Leycestriae
1589 3101 1609 3123 »
1634 3085 1719 3138 (Ep.
1744 3087 1867 3132 XXV,
1896 3089 2138 3123 Monumenta

627 3147 902 3196 Franciscana,
926 3148 1025 3183 Rolls
1041 3147 1174 3195 series,
1191 3159 1237 3196 p.
1265 3145 1368 3199 110).
