2444 3750
923 843 1182 894 LIBER
1223 843 1306 893 ll.

983 1134 1187 1180 CAPUT
1221 1136 1257 1178 Ι.

446 1347 627 1377 NATURA
658 1346 830 1376 JURIUM
865 1344 1258 1375 PROCURATIONUM
1293 1345 1347 1374 ET
1382 1344 1792 1374 PRAEEMPTIONUM.

421 1480 535 1523 Jura
569 1460 963 1540 procurationum
989 1483 1037 1522 et
1067 1475 1484 1539 praeemptionum
1512 1490 1622 1538 pars
1649 1473 1885 1538 quaedam

358 1574 496 1614 erant
530 1565 711 1628 jurium
747 1563 958 1621 illorum,
1008 1562 1182 1628 quibus
1230 1564 1278 1608 in
1319 1562 1505 1627 Anglia,
1551 1561 1744 1609 saeculo
1784 1579 1883 1620 xw,

357 1653 610 1702 constabat
642 1673 663 1698 «
693 1654 879 1718 regium
906 1652 1317 1718 praerogativum¹
1350 1671 1393 1699 ».
1425 1651 1662 1698 Diuturna
1685 1667 1884 1698 eonsue-

358 1743 543 1801 tudine,
577 1759 635 1790 ex
671 1750 812 1807 pacto
856 1750 905 1788 et
948 1750 1212 1799 conventu,
1264 1740 1540 1804 hujusmodi
1580 1740 1689 1802 jura
1730 1739 1883 1787 firma·

357 1831 551 1880 bantur.
595 1835 841 1889 Ceterum,
877 1847 1040 1878 rerum
1069 1838 1238 1877 natura
1273 1831 1385 1877 satis
1414 1829 1538 1877 ferre
1557 1828 1810 1876 videbatur
1836 1838 1888 1876 ut

362 1930 570 1986 potestas
592 1919 780 1985 pubIICa
806 1937 866 1967 ex
894 1919 1097 1985 publicis
1118 1917 1500 1984 possessionibus
1532 1935 1610 1966 res
1637 1918 1696 1965 ad
1719 1935 1885 1983 sump-

358 2018 435 2057 tus
456 2026 568 2057 suos
590 2009 878 2056 necessarias
895 2008 1125 2056 hauriret.

422 2099 588 2163 Igitur,
624 2114 778 2162 reges,
814 2106 980 2163 utpote
1008 2098 1298 2163 principales
1327 2097 1555 2156 domini²,
1579 2096 1768 2162 publica
1795 2097 1885 2143 im-

359 2204 508 2252 pensa
529 2185 767 2244 vivebant,
790 2194 839 2233 et
858 2203 970 2233 cum
998 2188 1088 2234 iter
1106 2186 1344 2234 faciebant
1366 2188 1473 2250 jure
1492 2186 1886 2251 procurationum

359 2275 660 2335 fruebantur,
681 2277 788 2340 jure
819 2277 999 2325 scilicet
1023 2276 1294 2323 divertendi
1315 2277 1363 2322 in
1384 2276 1554 2323 domos
1572 2274 1886 2322 vassallorum

359 2373 408 2412 et
431 2366 480 2412 in
501 2366 569 2413 eis
589 2364 882 2431 hospitandi,
911 2365 990 2413 vel
1010 2382 1210 2413 censum
1236 2364 1445 2430 aliquem
1471 2364 1534 2411 ob
1563 2381 1671 2412 eam
1695 2380 1887 2411 causam

362 2454 677 2519 percipiendi.
702 2455 835 2502 Inter
854 2462 1015 2502 autem
1035 2454 1124 2501 alia
1149 2470 1274 2519 quae
1299 2453 1359 2501 ad
1384 2454 1507 2518 regis
1534 2454 1702 2500 itinera
1722 2451 1886 2500 suble-

361 2542 517 2589 vanda
537 2541 864 2608 pertinebant,
892 2543 1202 2590 annumerari
1228 2551 1430 2608 possunt
1454 2560 1465 2590 ι
1496 2541 1683 2601 firma³,
1711 2542 1885 2606 gistum

415 2757 450 2795 1.
485 2755 638 2802 stubbs,
662 2770 727 2807 op.
755 2758 838 2804 cit„
860 2764 889 2796 t.
911 2758 962 2802 11,
986 2770 1025 2808 p.
1049 2758 1138 2797 535.
1163 2779 1214 2785 —
1238 2759 1301 2796 W.
1326 2756 1607 2807 Cunningham‚
1641 2757 1716 2794 The
1741 2757 1886 2807 growth

359 2812 408 2864 of
421 2816 582 2865 English
602 2816 785 2863 industry
803 2817 885 2853 and
901 2830 1121 2864 commerce,
1141 2829 1181 2867 p.
1206 2818 1293 2854 143.
1313 2839 1365 2844 -
1386 2817 1512 2854 James
1535 2815 1706 2853 Thorold
1723 2818 1883 2865 Rogers,

359 2878 395 2910 A
409 2874 558 2921 history
573 2871 620 2923 os
629 2876 875 2924 agriculture
892 2876 975 2912 and
987 2877 1119 2926 prices
1142 2877 1181 2912 in
1202 2876 1394 2926 England,
1414 2883 1441 2912 t.
1461 2877 1490 2919 1,
1512 2889 1550 2926 p.
1571 2877 1632 2913 67.
1648 2897 1700 2903 —
1720 2875 1887 2925 Stephen

361 2932 526 2978 Dowell‚
547 2937 582 2969 A
602 2934 751 2981 history
780 2932 826 2983 of
841 2936 1018 2971 taxatiotz
1051 2936 1133 2971 and
1153 2944 1264 2971 taxes
1295 2937 1332 2971 in
1356 2935 1551 2985 England,
1574 2941 1602 2972 t.
1627 2936 1658 2980 l,
1682 2947 1720 2985 p.
1750 2936 1811 2972 17.
1835 2957 1885 2963 —

361 2990 526 3038 Hallam,
554 2996 705 3042 Europe
719 2993 866 3043 during
883 2994 942 3030 the
961 2994 1110 3031 middle
1122 3007 1232 3043 ages,
1265 3001 1293 3032 t.
1317 2995 1388 3040 ΙΙΙ,
1410 3007 1449 3045 p,
1478 2995 1574 3033 220.

413 3051 454 3088 2.
486 3052 552 3088 W.
575 3050 729 3095 stubbs,
750 3065 810 3102 op.
833 3054 915 3099 cit„
938 3059 966 3091 t.
990 3054 1020 3097 I,
1043 3065 1083 3103 p.
1108 3054 1196 3093 338.

417 3109 453 3148 3.
487 3108 747 3159 Scriptoribus
773 3110 946 3160 anglicis,
966 3123 1059 3149 voce
1076 3111 1205 3160 firma
1224 3111 1460 3162 significatur
1487 3110 1720 3164 aliquando:
1742 3111 1883 3151 Convi-

361 3166 481 3214 vium‚
504 3179 634 3218 coena,
657 3168 780 3207 omnis
798 3169 965 3223 denique
985 3182 1133 3208 mensae
1153 3178 1371 3225 apparatus.
