2444 3750
600 489 766 554 partiS,
787 488 912 554 apud
937 488 1135 547 Sluzias,
1160 489 1343 537 Collem
1367 490 1623 549 Halidonii,
1652 494 1948 542 Cressiacum
1971 496 2121 543 victo-

597 578 695 635 riis,
725 577 972 624 clarissimi
1001 577 1234 643 cujusque
1265 580 1386 643 regis
1413 579 1607 644 Angliae
1634 580 1834 644 gloriam
1868 599 2122 648 superasse

598 665 975 724 existimabatur,
1005 674 1186 725 tamen,
1211 684 1286 714 res
1309 669 1487 732 patriae
1518 677 1566 715 ct
1591 670 1715 733 regis
1739 669 1947 729 fortuna,
1971 673 2120 737 magis

597 772 651 802 ac
679 756 825 819 magis
846 756 892 801 in
921 755 1073 820 pejus,
1095 757 1489 820 procurationum
1512 758 1689 822 ingenti
1711 759 1857 805 veluti
1878 759 2117 824 pondere,

595 843 933 890 deflectebant.

661 935 789 979 Haec
809 941 967 979 autem
984 933 1161 991 omnia,
1187 931 1445 980 Edwardus
1466 951 1576 981 cum
1597 935 1756 993 sciret,
1780 953 1889 983 cum
1912 936 2117 995 audiret,

595 1037 702 1067 curn
736 1020 919 1068 videret
944 1020 1043 1068 fere
1067 1021 1296 1086 quotidie,
1330 1031 1378 1069 et
1406 1024 1686 1087 praesertim
1717 1024 1914 1090 singulis
1939 1025 2119 1074 Parlia-

596 1110 745 1156 menti
772 1109 1212 1168 convocationibus,
1242 1110 1551 1158 nihilominus
1587 1129 1698 1159 cum
1733 1121 1866 1160 tanto
1906 1114 2119 1178 periculo

594 1215 761 1245 omnes
797 1216 994 1245 suorum
1020 1198 1293 1246 voluntates
1331 1199 1571 1247 alienandi
1605 1199 1704 1248 sieri
1735 1201 2032 1267 patiebatur,
2070 1212 2120 1251 et

593 1296 780 1334 tantum
809 1287 935 1353 apud
973 1305 1082 1335 eum
1110 1288 1308 1336 bellicae
1342 1288 1526 1347 laudes,
1569 1298 1753 1337 tantum
1788 1311 1809 1335 «
1846 1290 2116 1340 hastiludio-

594 1393 738 1423 rum»
768 1377 1013 1442 splendor,
1036 1385 1223 1423 tantum
1246 1379 1551 1424 victoriarum
1566 1377 1825 1426 blanditiae
1840 1379 2114 1439 valuerunt,

595 1473 648 1511 ut
676 1483 925 1530 nunquam
959 1466 1171 1512 animum
1203 1466 1303 1529 ejus
1339 1483 1450 1514 cura
1484 1484 1750 1532 pauperum
1783 1468 2115 1531 agricolarum,

593 1563 855 1613 aratorum,
886 1555 1238 1619 pecuariorum,
1264 1572 1352 1603 nec
1380 1557 1600 1621 cogitatio
1628 1557 1835 1622 tetigisse
1857 1557 2114 1606 videatur¹.

594 1643 685 1689 Vix
724 1643 865 1707 igitur
901 1642 1128 1691 credibile
1167 1653 1256 1703 est,
1291 1644 1419 1709 quod
1455 1653 1502 1692 et
1541 1654 1775 1710 quantum
1819 1645 2113 1704 incendium,

594 1733 1008 1796 procurationum,
1060 1733 1321 1798 prisarum,
1377 1733 1851 1799 decumanorumque
1900 1735 2116 1781 omnium

594 1820 796 1885 impetu,
840 1838 936 1868 non
975 1821 1132 1868 solum
1165 1839 1251 1887 per
1287 1839 1444 1887 agros,
1477 1822 1558 1870 sed
1604 1823 1746 1870 etiam
1779 1839 1867 1888 per
1907 1822 2116 1888 reliquas

593 1906 809 1955 fortunas
824 1917 1068 1956 aratorum
1088 1918 1136 1956 et
1152 1919 1489 1968 mercatorum,
1518 1927 1673 1975 neque
1691 1909 1847 1957 solum
1865 1927 1951 1975 per
1966 1909 2112 1969 bona,

595 1995 677 2042 sed
712 1997 855 2043 etiam
888 2014 974 2062 per
1004 1997 1130 2060 jura,
1172 1997 1432 2057 libertateS,
1476 2007 1524 2045 et
1563 1999 1886 2045 immunitates
1925 1998 2112 2046 urbium

594 2092 739 2149 atque
775 2086 1107 2144 comitatuum,
1139 2085 1373 2133 Edwardo
1411 2090 1477 2133 III
1514 2095 1764 2151 regnante,
1806 2086 2110 2152 pervaserst'.

593 2172 778 2232 Quibus
792 2182 953 2220 autem
972 2173 1195 2221 omnibus
1214 2174 1585 2234 extorsionibus,
1602 2191 1712 2222 cum
1728 2175 1941 2222 instituta
1956 2175 2112 2239 regni,

590 2258 741 2308 bonas
761 2261 1133 2310 consuetudines
1147 2280 1171 2310 a
1189 2261 1445 2325 majoribus
1465 2262 1680 2321 traditas,
1704 2264 1754 2309 in
1780 2267 1950 2336 Magna
1974 2266 2115 2310 Carta

592 2358 810 2408 statutaS,
830 2357 879 2397 et
897 2359 1063 2415 postea
1078 2350 1225 2398 semel
1245 2339 1389 2416 atque
1411 2352 1602 2409 iterum,
1619 2336 1926 2398 confirmatas
1937 2359 1986 2398 et
2002 2368 2114 2398 san-

591 2438 750 2495 citas⁸,
768 2437 1094 2486 conditionem
1113 2439 1242 2504 pacis
1256 2438 1550 2487 convelleret
1564 2447 1612 2486 et
1632 2447 1971 2498 commutaret,
1996 2438 2111 2486 nihil

593 2534 754 2573 tamen
781 2527 978 2573 omnino
995 2527 1104 2573 novi
1121 2526 1350 2585 audebat,
1374 2527 1539 2575 edictis
1566 2528 1692 2574 enim
1714 2527 2112 2592 atqueinstitutis

591 2613 651 2661 ab
669 2614 898 2662 Edwardo
920 2618 940 2662 I
960 2615 1175 2680 principe
1198 2616 1403 2663 inventis
1428 2623 1477 2663 et
1502 2616 1778 2680 excogitatis
1806 2614 2075 2663 utebatur‘.

647 2800 682 2838 1.
715 2800 781 2837 W.
810 2798 964 2846 Stubbs,
987 2813 1048 2849 op.
1073 2800 1156 2846 cin,
1181 2812 1220 2850 p.
1252 2800 1325 2838 546
1345 2814 1353 2838 ε
1387 2799 1452 2837 the
1471 2799 1670 2838 estimated
1693 2797 1947 2851 expenditure
1972 2798 2016 2836 of
2034 2798 2113 2836 Ed-

591 2858 698 2895 ward
716 2859 772 2894 111
793 2857 963 2896 between
979 2858 1063 2907 july
1083 2859 1147 2900 20.
1173 2859 1287 2902 1338,
1307 2859 1383 2896 and
1404 2870 1490 2908 may
1512 2859 1578 2903 25,
1614 2859 1729 2902 1340,
1763 2871 1785 2895 a
1810 2856 1944 2908 period
1973 2856 2016 2894 of
2038 2868 2113 2894 un-

591 2916 794 2967 exampled
814 2917 958 2966 outlay‚
979 2929 1080 2955 was:
1106 2918 1274 2956 337.1o4
1299 2917 1325 2955 l.
1345 2919 1365 2956 9
1387 2930 1418 2954 s.
1442 2918 1463 2955 4
1486 2917 1525 2954 d.

644 2976 681 3012 2.
715 2977 779 3013 W.
803 2975 958 3021 Stubbs,
982 2989 1043 3026 op.
1066 2976 1150 3024 cit„
1186 2983 1213 3013 t.
1238 2977 1290 3021 11,
1325 2989 1364 3027 p.
1387 2977 1478 3015 535.
1501 2997 1553 3003 —
1573 2974 1736 3019 Hallam‚
1761 2978 1870 3012 State
1898 2971 1945 3024 os
1964 2978 2114 3025 Europe

589 3034 737 3084 during
757 3035 817 3071 tlte
838 3035 983 3073 middle
1002 3047 1112 3085 ages,
1136 3041 1164 3073 t.
1190 3036 1258 3082 111,
1286 3048 1325 3086 p.
1349 3036 1441 3073 228.

646 3097 682 3130 3.
713 3097 745 3130 Α
766 3094 786 3142 g
807 3094 845 3132 4.

645 3152 682 3189 4.
713 3152 783 3201 A§
807 3153 872 3191 40.
