2444 3750
1022 391 1232 432 -69-

427 510 640 558 Dubium
661 527 759 557 non
780 519 870 568 est,
892 511 1010 575 quin
1037 511 1155 558 istae
1179 510 1544 575 procurationes
1567 518 1616 557 et
1640 511 1814 575 prisae‚
1843 519 1892 558 et

363 608 434 647 tot
454 598 573 646 aliae
588 598 832 662 cogendae
849 599 1081 663 pecuniae
1104 599 1313 645 rationes
1339 615 1480 645 causa
1502 599 1890 662 gravissimarum

363 676 669 723 vexationum
700 676 747 721 in
784 675 939 722 Gallia
970 674 1163 722 fuerint.
1207 676 1273 734 Si,
1307 683 1479 739 sponte
1507 691 1610 733 sua,
1643 675 1889 722 moderata

362 763 626 829 vectigalia,
658 781 837 829 paucos
866 781 1106 823 nummos,
1145 765 1296 811 nostri
1334 772 1492 829 patres
1523 764 1663 828 regiis
1693 772 1887 811 exacto-

362 850 495 898 ribus
527 851 796 909 solverent3
828 851 943 916 quid
971 851 1167 899 tandem
1191 851 1278 898 sibi
1305 850 1476 898 volunt
1502 851 1611 898 illae
1642 852 1888 916 querimo-

363 941 489 998 niae,
528 939 635 987 illae
673 940 944 1004 petitiones,
981 939 1088 987 illae
1123 940 1528 1004 conquestiones?
1576 940 1658 987 Sin
1707 948 1887 998 autem,

361 1035 491 1073 metu
525 1043 578 1073 ac
614 1027 896 1074 necessitate
927 1028 1096 1084 coacti,
1138 1044 1215 1074 res
1247 1044 1355 1074 suas
1384 1026 1704 1087 tradiderunt,
1735 1026 1888 1074 confi-

362 1124 547 1162 teamur
573 1132 768 1162 necesse
795 1124 867 1162 est
894 1116 1287 1181 procurationum
1320 1116 1598 1181 perniciem,
1637 1125 1687 1164 ut
1717 1117 1764 1163 in
1798 1118 1889 1164 An·

360 1203 522 1268 gliam,
547 1204 609 1251 ita
636 1204 682 1250 in
711 1203 916 1251 Galliam
944 1205 1225 1270 pervasisse.

427 1292 570 1352 Quod
590 1309 704 1339 sane
725 1301 965 1340 testantur
990 1302 1093 1340 acta
1112 1293 1319 1359 publica.
1345 1294 1432 1341 Die
1453 1295 1583 1341 enim
1616 1297 1689 1341 14⁰
1715 1294 1888 1359 Aprilis

367 1381 532 1439 1343¹,
565 1390 696 1429 vetat
722 1398 805 1428 rex
832 1383 1007 1447 prisam
1038 1381 1097 1429 ab
1124 1399 1182 1429 eo
1209 1383 1441 1440 exerceri,
1472 1383 1555 1447 qui
1585 1400 1683 1430 non
1709 1401 1734 1430 a
1755 1400 1885 1448 rege,

360 1478 443 1517 aut
465 1469 524 1517 ab
545 1470 647 1532 ejus
667 1471 947 1529 camerario,
971 1470 1211 1518 licentiam
1243 1472 1499 1536 acceperit,
1528 1480 1672 1536 atque
1692 1473 1889 1537 quaevis

360 1559 554 1623 antiqua
599 1558 658 1606 de
701 1559 840 1623 prisis
887 1558 1114 1606 faciendis
1155 1568 1410 1625 praecepta
1452 1559 1695 1607 observari
1731 1560 1884 1623 jubet.

359 1647 560 1710 Injurias
593 1657 753 1694 autem
785 1656 832 1695 et
860 1647 1051 1695 fraudes
1084 1648 1395 1695 nihilominus
1429 1650 1767 1714 permansisse,
1795 1649 1889 1697 hoc

359 1737 463 1801 ipso
495 1735 727 1800 probatur
753 1736 903 1801 quod,
935 1736 1016 1783 ubi
1045 1755 1071 1784 a
1109 1754 1221 1802 rege
1259 1754 1423 1784 rerum
1455 1738 1671 1802 angustia
1698 1755 1884 1803 presso,

358 1825 607 1872 convocati
639 1834 748 1872 sunt
783 1825 844 1872 ad
877 1826 1133 1873 concilium
1171 1847 1191 1870 «
1229 1827 1371 1891 legati
1391 1828 1555 1873 Trium
1585 1827 1824 1874 Ordinum
1857 1847 1877 1872 υ

359 1914 601 1978 petierunt
639 1914 797 1961 statim
839 1923 891 1961 ut
925 1914 1193 1974 tolleretur,
1234 1923 1318 1963 aut
1346 1915 1515 1962 saltem
1553 1924 1888 1963 attenuaretur

355 2002 432 2064 jus
448 2003 705 2067 prisarum,
733 2020 820 2050 nec
834 2004 959 2068 passi
977 2013 1090 2051 sunt
1112 2004 1356 2069 vectigalia
1373 2005 1462 2051 toti
1480 2005 1660 2051 nationi
1685 2005 1884 2070 imponi,

359 2091 449 2136 nisi
475 2107 530 2137 ea
559 2090 853 2150 conditione,
888 2101 938 2139 ut
964 2092 1317 2157 praedictarum
1344 2093 1626 2155 injuriarum
1657 2093 1886 2141 emenda-

358 2180 540 2226 tionem
561 2180 650 2244 ipsi
670 2181 911 2245 prosecuti
931 2189 1107 2228 essent.
1137 2185 1193 2227 In
1221 2182 1408 2228 statutis
1438 2198 1562 2246 quae
1585 2199 1715 2229 anno
1742 2186 1882 2242 1346,

357 2267 434 2314 die
476 2271 552 2316 15⁰
584 2267 851 2315 Februarii²
893 2269 1001 2316 tulit
1037 2269 1284 2335 Philippus
1335 2274 1418 2328 VI,
1454 2271 1542 2317 etsi
1589 2291 1611 2315 «
1648 2269 1885 2335 gabellam

359 2356 469 2403 salis
502 2376 523 2400 »
561 2356 785 2404 stabilivit
826 2366 874 2405 et
904 2357 1224 2416 confirmavit,
1259 2359 1461 2405 articulo
1495 2367 1655 2406 tamen
1689 2368 1882 2424 quarto,

358 2529 548 2575 comestio,
565 2537 720 2578 pastas,
745 2530 975 2579 prandium,
1007 2529 1153 2567 dictum
1181 2530 1259 2568 suis
1290 2530 1384 2568 locis
1411 2530 1674 2569 observamus.
1712 2554 1760 2560 —
1792 2536 1884 2569 Her-

360 2586 601 2637 bergagiam,
624 2588 677 2625 ait
699 2587 800 2625 idem
821 2596 965 2631 auctor,
990 2597 1070 2627 erat
1085 2587 1150 2640 jus
1171 2589 1258 2639 gisti
1279 2602 1324 2627 ac
1345 2590 1639 2640 procurationis.
1660 2612 1710 2619 —
1731 2592 1885 2628 Mansio

358 2653 395 2683 et
433 2655 604 2695 paratae
632 2646 672 2683 in
701 2647 774 2684 hoc
806 2646 1047 2692 differebant,
1086 2650 1190 2699 quod
1224 2662 1299 2685 una
1328 2648 1518 2699 significat
1553 2647 1619 2699 jus
1654 2650 1883 2687 comedendi

359 2712 519 2750 tantum,
546 2704 704 2743 bibendi
726 2713 762 2743 et
781 2706 998 2743 dormiendi
1027 2706 1065 2744 in
1086 2707 1208 2745 aliena
1229 2708 1369 2753 domo;
1403 2707 1535 2752 altera,
1563 2706 1629 2759 jus
1653 2708 1746 2746 alias
1772 2708 1885 2746 etiam

357 2776 418 2800 res
448 2763 645 2814 capiendi;
679 2767 967 2801 mansionarius
995 2766 1209 2811 dicebatur,
1246 2766 1419 2804 minister
1445 2766 1508 2804 ille
1540 2767 1607 2817 qui
1638 2767 1886 2818 comparabat

358 2821 439 2871 regi
465 2821 537 2859 iter
564 2822 716 2860 facienti
748 2823 999 2874 domicilium.
1033 2825 1090 2862 Cf.
1123 2824 1326 2870 Luchaire‚
1358 2826 1526 2862 Histoire
1551 2826 1621 2863 des
1650 2827 1885 2862 institutions

357 2881 650 2930 monarclziques
676 2882 724 2918 de
753 2884 794 2918 la
826 2886 972 2919 France
997 2896 1085 2920 sous
1106 2886 1160 2920 les
1179 2885 1369 2934 premiers
1398 2886 1613 2934 Cape'tiens,
1637 2891 1665 2922 t.
1689 2886 1720 2929 1,
1745 2898 1784 2935 p.
1810 2885 1883 2922 107

358 2946 396 2977 et
414 2952 500 2989 sqq.
516 2961 566 2968 -—
581 2941 622 2978 P.
646 2939 796 2985 Viollet,
818 2943 931 2978 Droit
941 2941 1089 2992 public,
1115 2949 1143 2980 t.
1164 2944 1195 2988 Ι,
1216 2956 1255 2993 p.
1282 2942 1371 2981 327.
1394 2964 1446 2970 —
1467 2942 1596 2988 Flach,
1615 2948 1685 2980 Les
1705 2944 1885 2993 Origines

360 2998 409 3034 de
430 2999 642 3035 l'ancienne
663 3003 822 3037 France.
862 3004 911 3037 Le
931 3002 1077 3051 re'gime
1104 3002 1358 3051 seigneurial,
1395 3009 1422 3039 t.
1455 3003 1489 3049 1,
1519 3015 1587 3053 pp.
1617 3003 1810 3041 347-351.
1835 3024 1885 3031 —

360 3056 524 3102 Brussel,
547 3062 604 3093 De
624 3058 774 3107 l’usage
793 3059 862 3095 des
874 3057 988 3108 stass,
1012 3067 1039 3097 t.
1061 3061 1112 3104 11,
1135 3073 1175 3110 p.
1202 3061 1274 3098 536
1293 3067 1330 3098 et
1345 3072 1431 3111 sqq.

414 3116 451 3153 3.
486 3115 755 3153 Ordonnances
774 3117 828 3153 da
852 3121 1006 3165 Louvre,
1030 3126 1056 3155 t.
1083 3120 1133 3164 ΙΙ,
1156 3131 1197 3169 p.
1221 3119 1286 3156 73.

416 3174 454 3213 4.
489 3174 757 3213 Ordounances
776 3176 829 3213 du
850 3180 1003 3226 Loavre,
1030 3184 1056 3216 t.
1082 3179 1133 3223 11,
1156 3191 1196 3230 p.
1219 3179 1310 3217 238.
