2444 3750
989 355 1199 397 „41-

331 474 549 532 luissent,
581 474 698 538 regii
727 474 997 538 provisores
1033 474 1354 538 selegissent¹.
1387 472 1515 533 Quid
1548 473 1740 518 autem?
1759 476 1858 519 Rex

331 564 451 629 ipse,
480 562 631 609 effusa
648 562 745 624 jam
767 563 969 609 maxima
990 548 1358 628 praedm-quam
1377 579 1436 609 ex
1456 560 1661 608 fortunis
1679 577 1856 607 merca-

330 661 505 699 torum·
534 660 581 697 et
619 651 953 714 agricolarum,
998 669 1056 698 ex
1097 650 1335 717 portubus
1375 649 1672 714 urbibusque
1714 650 1858 696 totius

330 740 526 805 Angliae
543 739 845 797 exhauserat,
870 757 979 786 cum
1003 742 1176 805 partim
1202 741 1304 803 ejus
1335 739 1562 805 praedam
1590 738 1857 803 profundae

330 829 549 876 libidines
581 829 908 887 devorassent,
938 830 1110 894 partim
1154 846 1276 876 nova
1302 828 1539 894 quaedam
1570 836 1618 875 et
1646 827 1858 874 inaudita

330 935 440 982 erga
474 917 726 964 familiares
760 917 1034 976 liberalitas,
1064 919 1236 983 partim
1265 918 1409 965 etiam
1437 918 1486 963 in
1515 916 1607 964 illis
1635 916 1859 964 omnibus

332 1005 652 1064 comitatibus,
672 1005 751 1052 ubi
765 1007 925 1054 omnia
946 1006 1186 1072 diripuit²,
1205 1006 1343 1054 effusi
1360 1015 1579 1071 sumptus
1594 1005 1653 1051 ad
1674 1005 1859 1051 animos

331 1095 568 1143 baronum
589 1104 637 1142 et
662 1112 917 1160 procerum
944 1095 1031 1142 sibi
1057 1095 1410 1154 conciliandos3
1443 1112 1493 1142 se
1526 1095 1701 1159 ipsum,
1730 1110 1867 1141 amo-¹

332 1201 435 1231 rem
462 1184 646 1249 populi,
672 1201 848 1231 nomen
876 1201 930 1231 ac
956 1185 1235 1249 dignitatem
1262 1185 1447 1250 imperii
1467 1182 1691 1249 perdidit.

397 1277 523 1320 Haec
537 1273 733 1338 quidem
759 1290 1023 1338 properans
1048 1275 1265 1339 exposui,
1300 1282 1354 1320 ut
1388 1272 1649 1337 aliquando
1670 1273 1857 1319 venire-

332 1379 439 1409 mus
465 1362 525 1409 ad
551 1362 629 1409 illa
650 1371 866 1427 tempora
883 1362 1058 1427 quibus
1079 1363 1345 1427 Speculum
1371 1366 1516 1426 Regis
1549 1362 1714 1409 Simon
1746 1360 1860 1426 Islip

333 1452 534 1516 scripsit.
573 1452 715 1511 Quod
736 1452 773 1498 si
800 1468 980 1510 rerum,
1004 1452 1064 1498 de
1095 1451 1269 1516 quibus
1289 1451 1521 1499 hactenus
1548 1450 1859 1497 disseruimus

333 1557 518 1587 summa
554 1549 830 1604 quaeratur,
868 1541 951 1599 sic,
996 1549 1046 1587 ut
1090 1542 1281 1606 opinor,
1318 1541 1480 1606 paucis
1513 1539 1859 1605 comprehendi

331 1637 518 1693 potest:
560 1647 696 1694 reges
736 1630 1129 1694 procurationum
1168 1638 1215 1676 et
1248 1630 1638 1695 praemptionum
1672 1627 1858 1691 juribus

331 1717 422 1764 frui
448 1717 710 1777 solebant³,
736 1727 787 1765 ut
812 1719 1054 1783 impensas
1065 1719 1286 1784 propriae
1306 1718 1509 1765 familiae
1529 1716 1855 1776 sublevarent,
1916 1734 1919 1735 ⁷

386 1911 422 1949 1.
454 1910 751 1960 Arcleaeologia,
776 1917 802 1948 t.
827 1911 932 1957 VIII,
954 1923 991 1961 p.
1019 1911 1108 1949 337.

385 1970 422 2006 2.
458 1971 586 2005 Flores
607 1970 882 2017 Historiarum,
904 1983 942 2020 p.
967 1970 1057 2008 ⁶227.
1084 1971 1207 2009 ...Per
1226 1968 1404 2007 satellites
1424 1976 1590 2016 satanae,
1611 1966 1767 2019 judices
1788 1967 1858 2006 ini-

334 2040 444 2079 quos,
479 2027 713 2078 primoribus
733 2027 954 2079 colonisque
986 2029 1094 2078 regni
1134 2028 1345 2078 Anglorum
1377 2029 1426 2065 ad
1459 2029 1607 2065 nudum
1639 2027 1856 2078 expoliatis,

333 2087 463 2125 statuit
483 2088 610 2124 denuo
630 2101 713 2137 rex,
738 2095 817 2125 toto
838 2088 965 2125 cordis
986 2087 1137 2133 affectu,
1167 2100 1286 2138 equos
1311 2095 1348 2124 et
1366 2086 1540 2138 jumenta
1566 2086 1756 2125 consimili
1777 2099 1858 2124 sen-

332 2146 449 2184 tentia
468 2145 706 2196 spoliationis
738 2160 823 2184 cum
856 2146 991 2184 effectu
1023 2148 1294 2192 condemnare,
1329 2155 1370 2184 ut
1402 2146 1581 2184 animalia
1624 2146 1750 2189 bruta,
1793 2159 1861 2197 per

332 2205 503 2242 diversas
536 2205 643 2255 regni
669 2213 796 2256 partes
827 2206 1044 2251 constituta,
1077 2206 1117 2243 in
1145 2205 1253 2256 jubis
1285 2213 1322 2243 et
1353 2205 1498 2253 caudis,
1531 2218 1600 2256 per
1631 2205 1858 2252 tonsionem,

332 2263 512 2315 injuriam
532 2265 715 2303 sentirent
731 2266 918 2312 eamdem,
939 2278 1055 2316 quam
1075 2265 1221 2303 domini
1251 2265 1308 2302 sui
1327 2264 1503 2316 primitus
1523 2265 1563 2302 in
1583 2264 1661 2302 suis
1681 2264 1860 2302 substan—

332 2323 394 2360 tiis
432 2324 533 2374 passi
564 2332 665 2368 sunt,
703 2324 753 2361 ob
783 2325 1050 2362 sceleratorum
1083 2325 1296 2362 falsitatem.
1333 2325 1503 2361 Jusserat
1530 2337 1694 2375 namque
1719 2324 1861 2361 caudas

332 2382 534 2420 brutorum
554 2391 591 2420 et
606 2382 721 2434 jubas
742 2384 952 2434 forcipibus
971 2383 1153 2422 continuo
1174 2384 1338 2430 tonderi,
1364 2396 1408 2420 ac
1422 2382 1520 2434 pilos
1540 2396 1587 2420 ex
1603 2383 1662 2420 his
1684 2382 1861 2420 collectos

332 2442 381 2479 ad
410 2441 603 2479 machinas
623 2450 752 2480 contra
773 2443 1047 2481 debellantium
1063 2443 1306 2493 'incursiones
1329 2443 1612 2493 componendas
1641 2442 1860 2479 Londonias

333 2500 552 2538 festinanter
571 2501 723 2538 deferri.
745 2504 908 2553 Sperans
928 2502 1127 2539 victoriam
1144 2502 1181 2538 in
1202 2501 1335 2539 caudis
1357 2500 1591 2549 animalium,
1616 2502 1664 2539 de
1685 2500 1859 2538 hostibus

333 2564 539 2610 reportare,
576 2561 644 2610 qui
677 2573 745 2598 nec
774 2574 967 2598 armorum
997 2561 1161 2611 insignia
1196 2561 1270 2598 sibi
1302 2560 1557 2598 resistentium
1590 2573 1705 2598 ausus
1737 2560 1860 2598 fuerat

334 2618 482 2655 eminus
503 2620 772 2670 contemplare.

390 2679 427 2715 3.
460 2675 690 2728 Hujusmodi
706 2676 810 2729 jura,
834 2691 910 2716 non
930 2686 1075 2717 tantum
1095 2679 1189 2728 regi,
1214 2679 1254 2716 in
1280 2692 1349 2716 suo
1369 2691 1501 2728 regno,
1525 2679 1592 2716 sed
1612 2677 1725 2716 etiam
1754 2677 1860 2729 prin-

335 2735 498 2786 cipibus,
522 2737 764 2788 dominisque
779 2738 992 2788 quibusvis,
1014 2739 1052 2776 in
1067 2739 1144 2776 suis
1166 2737 1467 2789 possessionibus
1486 2745 1523 2776 et
1540 2738 1680 2783 fundis,
1708 2744 1859 2788 praesto

334 2802 453 2833 erant.
481 2795 554 2843 Qui
575 2795 770 2844 nimirum,
790 2797 1059 2846 agricolarum,
1084 2811 1179 2848 quos
1200 2798 1238 2834 in
1253 2811 1320 2835 sua
1338 2797 1454 2834 tutela
1475 2797 1694 2841 servabant,
1707 2795 1857 2846 jumen-

334 2853 395 2897 tis,
427 2854 549 2904 equis‚
588 2854 780 2904 plaustris,
826 2856 1043 2899 utebantur,
1081 2865 1122 2894 ut
1156 2857 1385 2894 frumentum
1421 2863 1623 2906 ceteraque
1650 2855 1778 2892 omnia
1809 2856 1858 2892 ad

333 2913 523 2951 nundinas
552 2914 756 2961 mitterent,
790 2922 855 2952 aut
884 2915 958 2952 sibi
992 2928 1272 2966 quamcumque
1299 2915 1438 2953 vellent
1467 2928 1546 2952 rem
1573 2913 1858 2952 frumentariam

332 2971 592 3021 providerent.
614 2975 697 3010 Hoc
716 2974 909 3011 servitutis
923 2987 1074 3024 genere,
1095 2975 1223 3012 fundis
1238 2975 1431 3025 imposito,
1448 2975 1652 3011 noluerunt
1665 2980 1859 3023 magnates

333 3031 495 3068 liberare
513 3032 703 3073 vassallos.
729 3045 798 3070 nec
821 3031 904 3083 ejus
931 3034 1014 3070 loco
1045 3034 1246 3084 pecuniam
1275 3034 1462 3084 accipere,
1496 3032 1674 3083 quamvis
1698 3030 1777 3083 jam
1808 3032 1857 3069 ab

336 3089 503 3126 Henrico
536 3092 566 3136 1,
601 3090 699 3127 hanc
731 3091 974 3141 vectigalium
1007 3092 1253 3130 mutationem
1285 3091 1528 3144 comprobari
1564 3091 1753 3129 viderent.
1798 3090 1854 3130 Cf.

334 3147 494 3200 Philips,
520 3163 581 3200 op.
605 3151 687 3198 cit.‚
711 3163 777 3201 pp.
808 3151 896 3197 143,
923 3152 1010 3189 16⁶2.
1176 3159 1180 3163 '
