2444 3750
1267 381 1480 422 -64-

612 498 823 546 tionibus
860 498 947 546 alia
988 500 1363 565 praecipiuntur,
1401 500 1459 546 ad
1489 500 1791 547 vexationum
1832 501 2128 549 emendatio-

614 605 744 646 nem,
779 596 826 635 et
863 605 916 634 ea
952 605 1066 634 sane
1105 589 1295 651 majoris
1326 587 1561 646 efficaciae
1589 606 1733 653 quam
1760 607 1887 636 mera
1927 592 2131 638 nominis

614 678 831 724 mutatio.

677 769 784 813 Duo
822 783 996 831 nempe
1040 767 1127 812 viri
1170 767 1389 830 graves¹,
1430 766 1683 831 prudentia
1720 768 2026 826 ornatissimi,
2073 785 2132 816 ex

612 854 810 919 singulis
843 854 1163 913 comitatibus,
1193 872 1287 901 una
1324 872 1432 902 cum
1465 855 1627 919 aliquo
1653 873 1710 903 ex
1743 855 2021 903 melioribus
2043 857 2133 903 rni-

612 944 771 990 nistris
812 944 969 1008 regiae
1007 943 1196 1002 domus,
1238 961 1414 990 munus
1453 944 1692 1009 accipiunt
1731 945 2002 1010 inquirendi
2039 962 2133 1010 qua

611 1033 797 1080 ratione
823 1049 874 1079 se
901 1040 1069 1097 gerant
1089 1041 1348 1098 emptores,
1372 1041 1420 1080 et
1434 1032 1677 1091 audiendi,
1700 1050 1884 1080 summa
1905 1050 2016 1081 cum
2031 1033 2131 1081 dili-

611 1122 770 1186 gentia
790 1120 905 1186 quid
931 1120 990 1168 de
1016 1121 1105 1168 illis
1125 1120 1246 1168 fama
1274 1130 1322 1169 et
1349 1121 1597 1168 hominum
1629 1139 1850 1170 sermone
1880 1122 2129 1171 referatur.

612 1213 882 1266 Praeterea,
919 1211 1045 1272 regis
1076 1209 1397 1257 thesaurarius
1432 1220 1593 1258 custos
1633 1212 1841 1259 rationes
1873 1212 2133 1259 accuratis-

616 1300 759 1346 simas
785 1298 1025 1357 conficiet,
1056 1298 1229 1364 quibus
1256 1308 1423 1347 notum
1457 1300 1516 1347 sit
1543 1308 1722 1365 quanta
1749 1299 1909 1359 fuerit,
1940 1300 2136 1366 singulis

614 1388 769 1447 annis,
799 1388 955 1452 regiae
977 1387 1148 1435 domus
1174 1405 1400 1453 expensa.

678 1480 898 1524 Jamvero
924 1476 1202 1535 Edwardus,
1225 1478 1307 1542 qui
1337 1493 1488 1542 usque
1509 1476 1568 1524 ad
1601 1477 1647 1524 id
1675 1485 1865 1543 tempus
1891 1477 2137 1543 quibusvis

614 1564 928 1631 querentibus
949 1564 1048 1613 fere
1076 1565 1192 1612 nihil
1213 1565 1339 1613 aliud
1368 1565 1662 1631 respondere
1681 1567 2023 1624 consuevisset,
2048 1567 2136 1614 nisi

615 1653 735 1701 illud
768 1655 933 1701 tritum
974 1673 994 1699 «
1021 1655 1084 1701 de
1114 1655 1209 1701 hac
1234 1672 1289 1701 re
1314 1666 1557 1702 statuetur
1588 1675 1636 1714 n,
1673 1656 1814 1703 cessit
1857 1655 2134 1720 aliquando,

617 1743 962 1791 monitionibus
1001 1744 1207 1790 Simonis
1248 1744 1380 1809 Islip.
1424 1743 1584 1804 Quod,
1633 1745 1719 1791 nisi
1767 1753 1862 1791 tarn
1909 1761 2138 1809 magnum

614 1831 901 1879 beneficium
921 1831 1064 1879 fuisse
1089 1831 1342 1890 fateamur,
1366 1841 1419 1879 ut
1446 1833 1494 1879 id
1527 1850 1587 1880 ne
1616 1833 1920 1880 parliamenti
1942 1833 2137 1898 quidem

616 1930 686 1969 tot
715 1938 769 1968 ac
795 1929 956 1968 tantae
987 1922 1313 1986 querimoniae
1336 1939 1433 1968 non
1469 1921 1804 1980 obtinuissent,
1834 1921 1995 1984 injusti
2025 1939 2138 1987 pro-

617 2009 745 2057 fecto
771 2027 1003 2058 essemus.
1035 2010 1128 2058 Sed
1156 2018 1317 2057 tamen
1343 2027 1464 2075 opus
1490 2019 1592 2058 erat
1618 2010 1922 2057 solummodo
1941 2010 2137 2058 inchoa-

617 2106 739 2157 tum,
762 2099 958 2146 minime
979 2115 1093 2146 vero
1113 2097 1420 2164 perfectum².

1867 2299 1887 2331 s

674 2367 709 2404 1.
742 2369 843 2403 Stat.
862 2366 878 2403 1
892 2365 938 2404 36
961 2365 1069 2404 Edw.
1084 2369 1155 2413 III,
1170 2377 1254 2416 cap.
1270 2367 1291 2404 4
1309 2381 1317 2403 ε
1333 2367 1408 2403 Pur
1419 2364 1648 2403 restreindre
1662 2365 1697 2403 la
1711 2364 1844 2404 malice
1857 2366 1925 2404 des
1939 2365 2140 2404 achatours

617 2425 686 2462 des
702 2424 880 2470 vitailles‚
896 2431 932 2462 et
942 2437 1129 2475 prenours
1141 2425 1208 2462 des
1221 2424 1404 2474 cmiages,
1424 2423 1546 2462 soient
1560 2425 1822 2463 commissione.
1843 2424 1964 2469 faites,
1981 2437 2022 2463 as
2035 2425 2139 2462 deux

619 2482 739 2521 bones
757 2491 881 2533 genu,
905 2491 942 2521 et
962 2483 1093 2528 loialx‚
1115 2484 1164 2521 de
1183 2483 1350 2521 chescun
1375 2491 1550 2528 countee‚
1576 2491 1613 2521 et
1640 2483 1673 2521 le
1694 2484 1808 2522 tierce
1837 2483 1910 2522 soit
1929 2483 1991 2521 del
2019 2482 2139 2521 hostel

619 2541 654 2580 le
674 2541 796 2581 Roi...
830 2555 877 2593 qe
897 2541 929 2579 si
954 2554 1079 2579 aucun
1111 2542 1160 2579 de
1178 2541 1272 2581 trois
1291 2555 1337 2580 ne
1363 2542 1514 2592 migne,
1538 2556 1612 2593 que
1631 2542 1684 2580 les
1709 2544 1828 2590 deux,
1859 2542 1989 2580 aillent
2008 2549 2137 2586 avant,

619 2601 815 2652 denquere
851 2602 904 2639 du
931 2609 1018 2653 port
1045 2608 1082 2639 et
1104 2601 1191 2639 faitz
1216 2601 1270 2639 les
1297 2602 1376 2639 ditz
1406 2614 1592 2653 prenours
1614 2610 1681 2640 ont
1709 2602 1788 2653 pris
1815 2601 2066 2639 severalment
2090 2601 2139 2639 de

619 2660 785 2698 chescun
800 2660 903 2710 ville,
930 2660 1052 2706 villee,
1075 2673 1123 2697 ou
1145 2660 1350 2711 singuliere
1371 2674 1566 2711 persones.

673 2719 712 2756 2.
745 2720 878 2770 Itaque
900 2731 977 2757 non
1006 2732 1207 2770 possumus
1236 2719 1275 2757 in
1300 2721 1472 2758 eamdem
1505 2719 1728 2758 sententiam
1762 2720 1993 2758 descendere
2025 2727 2140 2771 atque

619 2785 753 2815 auctor
769 2777 947 2816 carminis
974 2776 1088 2829 hujus
1111 2793 1119 2816 z

714 2854 805 2888 Tam
828 2855 912 2900 pius
934 2855 1157 2901 [Edwardus
1179 2855 1247 2901 111]
1270 2856 1307 2890 in
1327 2855 1487 2902 plebem,
1512 2857 1612 2902 quod
1632 2856 1899 2890 serenissimus
1920 2855 2030 2902 aequi

716 2907 845 2942 Edidit
865 2908 1028 2942 edictum
1049 2909 1272 2948 durandum,
1297 2910 1404 2943 dulce
1426 2915 1618 2949 statutum,

716 2959 808 3006 Ejus
829 2961 872 3010 in⁴
888 2973 1104 3002 economOS,
1129 2963 1310 3007 populum
1331 2963 1437 3007 prius
1458 2963 1705 3002 excoriantes,

716 3014 829 3055 Quod
851 3015 1070 3060 provisores
1092 3027 1263 3049 annonae
1283 3015 1385 3061 regis
1406 3015 1444 3049 in
1465 3015 1600 3055 aulam,

716 3066 801 3100 Non
822 3067 1010 3108 animalia,
1034 3068 1100 3102 sed
1121 3080 1188 3102 nec
1210 3080 1313 3109 ονεε,
1333 3081 1400 3103 nec
1418 3080 1517 3108 aves,
1542 3081 1608 3103 nec
1627 3081 1776 3109 avenas,

719 3120 961 3166 perciperent
982 3121 1026 3154 de
1049 3120 1294 3167 pauperibus,
1317 3121 1487 3156 viduisve
1509 3121 1668 3156 micellis

719 3171 793 3206 Sed
814 3173 860 3207 de
881 3173 1074 3213 divitibus.
1099 3174 1213 3219 digno
1236 3175 1357 3220 pretio
1380 3174 1594 3209 comitante.
