2444 3750
1250 348 1435 389 ..3-

585 469 667 516 ίΙΙο
688 468 883 534 quidem
911 484 1112 515 numero
1133 467 1275 514 fuisse
1302 484 1468 531 regum
1486 468 1568 532 qui
1589 469 1792 515 maxima
1811 485 1922 516 cum
1943 469 2102 529 laude,

583 559 803 605 nationes
829 565 1054 604 externas
1075 555 1355 620 fregerunt3
1393 557 1589 603 minime
1610 573 1742 614 vero,
1777 558 1859 621 qui
1881 556 1968 604 sibi
1990 574 2104 622 pro-

582 646 674 710 prii
703 644 868 710 populi
893 643 1114 691 felicitate
1145 652 1289 708 atque
1319 661 1436 709 pace
1462 644 1626 691 donati
1651 662 1863 692 amorem
1889 644 2104 692 concilia-

582 742 775 781 verunt.
825 731 1242 793 Quemadmodum
1276 733 1404 779 enim
1443 733 1606 780 odium
1638 750 1892 798 procerum
1925 743 1973 780 et
2003 751 2107 781 ma-

582 831 786 887 gnatum
801 820 888 868 sibi
902 821 1198 868 consciverat
1223 820 1422 867 Edward
1431 838 1484 867 us
1504 825 1565 879 ΙΙ,
1589 821 1833 885 largiendo
1845 831 1947 868 tum
1967 825 2108 870 Petro

583 910 644 958 de
693 910 1003 967 Gavestonia‚
1044 918 1146 955 tum
1189 910 1526 974 Despensario‚
1567 909 1691 956 bona
1734 911 2003 969 innumera,
2046 911 2107 958 ita

582 998 772 1065 plebem
800 1016 826 1045 a
857 1015 907 1045 se
936 1015 1134 1063 prorsus
1161 997 1384 1045 alienavit
1406 997 1667 1044 Edwardus
1694 1002 1777 1056 ΙΙΙ,
1810 1000 2108 1063 procuratio-

583 1087 725 1135 nibus
751 1086 925 1149 injuste
951 1087 1186 1134 exercitis.

649 1180 922 1234 Praeterea,
950 1183 1189 1239 quatenus
1222 1174 1392 1233 simile,
1425 1184 1507 1222 aut
1530 1175 1689 1240 aliquo
1715 1176 1860 1223 modo
1886 1175 2111 1224 dissimile

584 1265 726 1313 fuerit
745 1263 872 1311 idem
895 1264 974 1326 jus
1000 1265 1047 1310 in
1067 1263 1240 1322 Gallia,
1257 1265 1553 1329 paucissimis
1581 1264 1737 1312 verbis
1761 1266 1981 1324 innuere,
2011 1281 2110 1312 non

584 1355 691 1413 erit,
717 1362 769 1401 ut
788 1353 905 1400 mihi
923 1353 1130 1411 videtur,
1148 1352 1383 1400 absonum
1403 1362 1451 1400 et
1468 1370 1895 1418 supervacaneum,
1912 1371 2010 1419 quo
2026 1354 2109 1402 sci-

585 1442 700 1490 licet
720 1442 825 1505 ejus
846 1450 1067 1489 naturam
1097 1443 1364 1489 accuratius
1390 1441 1676 1489 adumbrare
1699 1442 1956 1490 valeamus.

652 1531 727 1578 Illi
753 1531 900 1589 enim,
944 1531 1027 1595 qui
1055 1531 1302 1578 veritatem
1334 1530 1607 1578 historicam
1643 1540 1870 1590 sectatur,
1897 1549 1993 1579 non
2012 1531 2111 1579 suf-

590 1620 687 1667 ficit
713 1636 1022 1667 enumerasse
1052 1627 1242 1666 tantum
1260 1618 1400 1678 facta,
1437 1620 1671 1678 instituta,
1694 1620 1842 1684 leges,
1880 1621 1963 1668 sed
1994 1620 2112 1669 haec

589 1709 758 1757 eadem
780 1709 978 1773 insuper
1002 1709 1050 1754 in
1077 1707 1246 1755 ordine
1274 1725 1360 1755 suo
1381 1708 1603 1773 disponat
1623 1718 1831 1773 oportet.
1867 1710 2025 1756 Minus
2042 1718 2113 1757 est

589 1815 710 1845 sane
724 1814 938 1845 asserere
953 1796 1099 1844 talem
1118 1805 1201 1843 aut
1216 1796 1358 1844 talem
1373 1797 1771 1844 consuetudinem
1784 1798 2005 1862 viguisse,
2023 1799 2113 1845 nisi

588 1886 729 1933 simul
756 1887 1091 1950 investigatum
1111 1885 1271 1944 fuerit,
1289 1895 1337 1933 et
1356 1886 1404 1932 in
1421 1885 1632 1933 medium
1651 1886 1910 1951 prolatum,
1940 1886 2113 1951 quibus

590 1975 635 2022 id
663 1974 929 2022 rationibus
949 1974 1179 2021 evenerit.
1204 1977 1371 2032 Porro,
1390 1974 1450 2021 ad
1471 1973 1588 2020 illud
1603 1975 1974 2039 assequendum,
1999 1974 2114 2040 quid

592 2064 739 2128 magis
751 2063 928 2126 juverit
945 2080 1091 2127 quam
1107 2063 1489 2110 animadvertere
1518 2063 1634 2127 quid
1652 2064 1797 2110 moris
1818 2062 2114 2128 temporibus

592 2151 762 2199 iisdem
783 2151 911 2216 apud
931 2150 1142 2198 diversas
1162 2159 1331 2216 gentes
1354 2151 1518 2198 iisdem
1539 2152 1586 2197 in
1615 2150 1758 2198 rebus
1783 2152 2018 2215 viguerit?

658 2243 758 2287 Hac
768 2239 964 2304 quidem
985 2239 1210 2286 historiae
1223 2239 1446 2286 studendi
1459 2240 1662 2298 ratione,
1682 2239 1943 2305 nonnusllos
1957 2241 2115 2287 minus

591 2328 793 2375 feliciter
821 2345 930 2375 usos
951 2344 1056 2375 esse
1080 2345 1177 2374 non
1204 2326 1509 2386 diffitemur¹‚
1549 2345 1659 2375 cum
1689 2327 1748 2374 ab
1780 2318 1930 2391 'liujus
1972 2328 2115 2375 studii

591 2418 734 2464 certis
753 2416 927 2481 regulis
946 2425 994 2463 et
1008 2425 1182 2463 statuta
1202 2433 1369 2463 norma
1384 2416 1714 2474 deflecterent,
1738 2434 1943 2481 quarum
1963 2417 2115 2481 prima

592 2504 710 2552 haec
729 2521 844 2551 sane
865 2513 937 2552 est
964 2513 1016 2551 ut
1036 2504 1195 2551 nullae
1212 2506 1301 2551 nisi
1318 2504 1493 2552 similes
1520 2506 1644 2552 inter
1665 2522 1714 2552 se
1735 2522 1811 2552 res
1831 2521 2116 2570 comparen-

593 2602 687 2640 tur.
722 2596 884 2653 Quare
912 2610 1009 2639 non
1036 2593 1156 2640 adeo
1181 2592 1458 2658 probandus
1485 2593 1674 2640 videtur
1692 2610 1796 2640 esse
1815 2593 2117 2640 doctissimus

592 2682 666 2727 vir
698 2682 887 2739 Gneist‚
923 2699 950 2728 a
980 2698 1078 2746 quo
1116 2681 1310 2728 historia
1350 2681 1544 2745 Angliae
1582 2698 1692 2728 cum
1740 2681 1936 2728 historia
1991 2684 2116 2728 Ger-

595 2769 783 2816 maniae
821 2768 991 2815 collata
1023 2778 1114 2827 est,
1143 2770 1372 2833 quoniam
1404 2769 1562 2816 medio
1594 2786 1730 2827 aevo,
1765 2769 1934 2815 harum
1961 2768 2118 2833 regio-

595 2873 711 2903 num
738 2856 866 2921 leges
891 2866 940 2904 et
979 2858 1191 2904 instituta
1230 2875 1328 2904 non
1363 2866 1550 2905 tantum
1585 2856 1825 2915 differant,
1854 2857 1999 2904 immo
2041 2857 2117 2903 vix

650 3012 686 3047 1.
723 3010 798 3047 The
822 3011 979 3060 English
998 3011 1200 3048 historical
1218 3011 1361 3048 Reoiew
1379 3015 1422 3047 n⁰
1446 3012 1508 3060 18,
1531 3010 1610 3048 vol.
1635 3012 1698 3058 IV,
1714 3010 1811 3061 april
1829 3011 1943 3050 1890.
1969 3033 2021 3038 —
2042 3012 2117 3048 The

598 3070 867 3118 comparative
890 3070 1036 3117 history
1056 3067 1292 3119 osEngland
1309 3070 1391 3106 and
1410 3074 1566 3118 France,
1589 3070 1735 3120 during
1754 3070 1815 3106 the
1839 3069 1986 3107 middle
2004 3083 2113 3120 ages,

594 3134 750 3166 auctore
772 3128 910 3168 Ch.-V.
935 3128 1126 3179 Langlois‚
1147 3142 1187 3181 p.
1207 3130 1299 3168 259.
