2314 3736
953 358 1188 400 -159—

307 446 452 490 nescio
480 446 624 489 videre
643 447 831 505 qualiter
852 448 998 490 venies
1020 448 1072 490 ad
1094 463 1326 490 numerum
1347 447 1669 498 salvandorum,
1695 447 1840 508 neque

307 517 362 560 ad
388 533 569 576 regnum
591 517 690 570 Dei,
715 528 765 560 ut
786 529 904 576 patet
924 535 1054 577 supra
1082 519 1126 560 in
1149 519 1287 577 prima
1309 518 1558 560 monicione
1581 519 1728 560 Sancti
1754 521 1837 562 Lu-

307 587 463 631 dovici.
490 588 561 641 Et,
581 588 757 630 domine
783 605 874 641 rex,
905 590 1013 631 scire
1034 589 1165 631 debes
1201 589 1320 647 quod
1347 589 1508 631 dicitur
1533 589 1588 631 ad
1618 591 1836 632 Romanos

308 675 424 701 xuu:
448 658 549 706 Non
575 669 639 701 est
664 675 844 718 regnum
871 661 954 702 Dei
977 676 1074 702 esea
1100 670 1141 702 et
1156 670 1303 718 potu-9,
1337 661 1416 702 sed
1429 662 1630 718 justicia,
1657 677 1765 718 pax,
1796 670 1838 703 et

302 730 559 788 gaudiuma.
590 730 691 783 Sed,
716 730 794 772 ubi
821 741 867 773 tu
895 731 1015 773 venis
1042 731 1088 773 in
1116 741 1228 773 terra
1267 731 1364 783 ista,
1395 730 1543 773 multis
1583 731 1836 774 hominibus

307 800 409 842 facis
430 800 723 858 injusticiam,
749 817 771 843 a
801 801 964 859 quibus
1000 802 1238 860 capiuntur
1263 802 1376 843 bona
1407 812 1555 844 contra
1582 817 1734 844 eorum
1761 818 1835 844 vo-

306 870 536 924 luntatem,
558 872 666 914 etin
694 872 791 922 hoc,
825 888 914 914 non
937 883 1001 914 est
1027 888 1126 931 pax,
1152 889 1295 931 neque
1314 872 1538 930 gaudium.
1572 873 1628 914 Et
1657 872 1832 925 dicitur,

303 943 430 1000 juxta
458 942 513 984 ad
542 942 794 985 Corinthios
826 942 1003 985 ultimo:
1042 944 1206 985 Habete
1237 959 1392 1001 pacem
1426 954 1467 986 et
1501 944 1617 985 Deus
1635 949 1765 1002 pacis
1795 954 1837 987 et

306 1013 554 1055 dileccionis
574 1017 658 1056 erit
679 1012 927 1057 vobiscamb.
960 1014 1061 1067 Sed,
1093 1014 1169 1056 ubi
1195 1014 1316 1056 venis
1348 1031 1446 1056 cum
1474 1030 1627 1072 magna
1656 1014 1832 1066 familia,

307 1094 350 1126 et
369 1083 433 1126 tui
460 1084 658 1138 ministri,
675 1085 853 1143 capiunt
880 1085 994 1127 bona
1027 1085 1162 1127 multa
1190 1096 1339 1127 contra
1366 1101 1518 1127 eorum
1547 1086 1832 1137 voluntatem,

307 1170 396 1196 non
418 1166 483 1196 est
508 1154 570 1198 ibi
591 1171 690 1214 pax,
716 1156 771 1197 Et
811 1156 925 1208 ideo,
963 1156 1205 1198 timendum
1236 1167 1299 1198 est
1332 1156 1520 1198 multum
1553 1156 1671 1214 quod
1715 1155 1835 1198 Deus

307 1225 424 1284 pacis
450 1228 492 1268 εἰ
511 1225 760 1268 dileccionis
782 1242 868 1268 non
897 1238 962 1269 est
992 1238 1148 1276 tecum,
1186 1243 1327 1285 neque
1352 1242 1451 1269 cum
1485 1226 1647 1269 familia
1673 1237 1763 1280 tua,
1794 1238 1836 1269 et

308 1295 405 1338 ideo
425 1295 479 1339 de
505 1307 647 1340 cetero
667 1312 767 1339 cave
788 1297 884 1341 tibi.

670 1649 1015 1692 CAPITULUM
1049 1648 1474 1693 DUODECIMUM.

366 1858 549 1905 XLIII.
586 1861 624 1902 Ο
659 1860 836 1903 domine
870 1861 929 1903 mi
960 1877 1049 1911 rex,
1081 1862 1260 1903 obsecro
1292 1877 1347 1903 ne
1380 1861 1590 1913 irascaris,
1627 1863 1663 1905 si
1692 1863 1835 1907 adhuc

309 1931 439 1973 semel
459 1931 613 1989 loquar
632 1931 728 1975 tibi.
751 1932 862 1974 Cum
881 1933 1047 1974 venerit
1066 1932 1224 1991 aliquis
1240 1932 1291 1974 ad
1311 1931 1471 1984 villam,
1491 1932 1543 1974 de
1565 1933 1723 1976 familia
1742 1946 1830 1988 tua,

309 2001 362 2044 ad
399 2001 719 2060 providenciam
758 2002 837 2044 tibi
870 2003 1125 2054 faciendam,
1162 2019 1240 2062 pro
1273 2003 1390 2045 aucis
1423 2014 1465 2045 et
1495 2003 1684 2062 galliniS,
1722 2005 1836 2048 inter

308 2083 470 2115 ceteras
491 2088 618 2115 aucas
640 2084 682 2115 et
701 2073 900 2132 gallinas,
919 2074 1033 2133 capit
1053 2074 1106 2116 de
1123 2090 1206 2116 una
1227 2074 1488 2132 paupercula
1513 2074 1687 2128 femina,
1702 2092 1834 2118 unam

308 2143 531 2203 gallinam,
555 2144 608 2186 de
629 2159 713 2202 qua
736 2144 880 2202 potuit
906 2145 949 2186 in
973 2145 1210 2187 ebdomada
1234 2145 1392 2187 habere
1415 2156 1603 2203 quatuor
1624 2146 1688 2188 vel
1710 2148 1835 2206 quin-

307 2231 394 2273 que
414 2230 508 2266 ova,
532 2214 586 2256 ad
608 2216 973 2258 sustentacionem
999 2233 1119 2258 suam
1153 2227 1194 2258 et
1216 2215 1405 2258 filiorum
1432 2232 1635 2270 suorum3
1657 2217 1730 2259 ille
1763 2218 1837 2260 dat

309 2285 392 2328 sibi
415 2291 551 2328 unum
573 2285 818 2338 denarium,
848 2287 911 2329 vel
939 2286 989 2329 ad
1015 2287 1128 2346 plus,
1152 2286 1380 2329 denarium
1408 2298 1450 2329 et
1474 2287 1669 2341 obolum,
1694 2299 1736 2330 et
1755 2288 1837 2330 ali-

308 2356 501 2414 quando,
535 2357 663 2400 nihil.
699 2356 775 2399 Illa
813 2358 1076 2416 paupercula
1108 2358 1250 2400 noluit
1280 2357 1399 2399 illam
1433 2357 1639 2416 gallinam
1668 2358 1837 2401 dedisse

308 2442 388 2484 pro
409 2427 550 2470 tribus
579 2426 782 2470 denariis.
814 2429 897 2470 Ista
920 2428 1095 2486 gallina,
1119 2429 1221 2487 quia
1250 2428 1425 2487 pinguis
1444 2439 1523 2480 est,
1554 2440 1732 2487 paratur
1757 2446 1836 2488 pro

308 2513 381 2539 ore
420 2508 512 2540 tuo.
549 2499 635 2550 Tu,
674 2498 728 2540 de
766 2498 838 2540 illa
871 2499 1029 2558 gallina
1058 2499 1348 2542 comedendo¹
1375 2499 1536 2550 letaris,
1573 2501 1836 2558 paupercula

308 2567 464 2610 mulier
497 2569 723 2622 tristatur;
772 2580 817 2611 tu
858 2570 988 2622 rides,
1025 2571 1106 2613 ista
1145 2569 1245 2622 sset3
1283 2582 1329 2612 tu
1370 2570 1424 2612 de
1470 2570 1628 2628 gallina
1672 2571 1836 2628 injuste

308 2637 533 2696 acquisita,
575 2639 729 2698 imples
775 2651 968 2683 ventrem
998 2642 1166 2696 vtuum,
1208 2642 1300 2700 ipsa
1352 2641 1489 2684 esurit
1537 2652 1579 2682 et
1618 2641 1836 2683 mendicat

308 2725 462 2767 panem
497 2725 652 2763 suum;
685 2721 731 2752 tu
769 2710 822 2752 de
855 2711 950 2754 aliis
984 2712 1134 2754 multis
1174 2713 1338 2770 injuste
1370 2711 1609 2770 acquisitis,
1646 2712 1835 2770 epularis

307 2779 550 2838 splendide,
591 2781 683 2839 ipsa
719 2782 843 2839 quasi
877 2782 986 2824 nihil
1017 2783 1147 2825 habet
1176 2783 1415 2825 comedere.
1453 2784 1540 2835 Tu,
1583 2781 1626 2824 in
1663 2782 1834 2824 divicia-

307 2866 404 2893 rum
435 2852 647 2904 ubertate,
677 2852 785 2910 ipsa,
817 2852 862 2895 in
883 2864 1072 2896 extrema
1094 2870 1144 2912 pa
1155 2865 1372 2912 upertate3
1398 2865 1461 2906 tu,
1486 2853 1531 2894 in
1553 2853 1746 2895 vestibus
1764 2853 1836 2895 de-

355 3027 519 3065 XLIII.
535 3029 546 3051 ¹
564 3029 765 3063 comedens
788 3030 846 3070 R„
869 3030 914 3066 A.

357 3156 394 3179 a.
418 3145 525 3179 Rom.
542 3145 641 3189 XIV,
666 3149 722 3183 17.
748 3167 789 3175 —
811 3147 1131 3190 b.11C01-.X111,
1155 3151 1212 3183 11.
