2314 3736
883 358 936 365 -
966 334 1017 375 97
1048 358 1100 365 -

229 424 390 468 falsitas
418 424 467 466 fit
493 424 576 466 hiis
605 423 758 466 diebus
785 440 862 482 per
892 424 1115 483 garciones
1150 435 1223 467 tue
1254 425 1388 468 curie.
1428 426 1473 468 Si
1508 426 1756 471 invenerint
1810 432 1812 434 ’

228 511 406 539 avenam
433 494 608 547 alicubi,
642 494 796 537 dicunt
828 511 872 537 se
900 494 1010 536 velle
1040 494 1205 537 solvere
1231 512 1311 554 pro
1347 498 1366 538 1
1399 497 1592 540 bussello
1621 514 1756 541 avene

229 578 396 610 tantun*
429 566 471 624 iij
497 566 711 619 denarios,
738 566 835 608 licet
861 566 998 608 valeat
1018 583 1043 607 v
1070 565 1287 618 denarios,
1313 578 1355 609 et
1375 567 1409 610 si
1431 584 1520 611 non
1542 568 1756 612 invenerit

229 653 424 691 avenam,
449 637 523 679 sed
544 637 742 689 ordeum,
768 636 948 695 capiunt
965 636 1104 678 invito
1124 637 1303 679 domino
1327 639 1346 680 1
1374 639 1616 681 bussellum
1635 640 1759 683 ordei

229 724 309 768 pro
340 708 384 766 iij
420 707 624 760 denariis,
672 706 772 749 licet
803 707 940 750 valeat
973 707 1062 765 viiij
1096 708 1137 749 d.
1177 708 1223 750 Si
1263 720 1409 751 autem
1457 725 1545 752 non
1578 710 1758 753 invene-

229 779 319 821 rint
348 778 546 831 ordeum,
577 778 651 819 sed
679 778 814 829 fabas,
845 777 1024 836 capiunt
1053 780 1071 819 1
1108 779 1348 821 bussellum
1379 780 1575 822 fabarum
1605 797 1683 839 pro
1711 781 1756 839 iij

229 849 434 901 denariis,
466 848 562 891 licet
590 850 609 890 1
636 848 852 891 bussellus
879 849 1016 891 valeat
1041 849 1099 906 xij
1125 849 1341 895 denarios.
1368 851 1466 905 Que
1487 862 1550 893 est
1578 851 1651 894 illa
1668 853 1759 910 jus-

231 920 365 963 ticia?
389 920 486 962 Non
516 920 707 978 justicia,
739 919 813 962 sed
847 919 1013 978 rapina,
1050 931 1098 963 ut
1126 920 1326 979 superius
1353 932 1416 964 est
1443 933 1644 964 notatum
1661 927 1695 965 α.
1720 923 1759 964 Ο

230 990 407 1035 domine
428 990 487 1033 mi
515 1007 603 1043 rex,
642 990 683 1032 in
719 990 982 1049 quibusdam
1019 990 1139 1033 sactis
1175 991 1261 1033 tuis
1290 991 1445 1034 similis
1478 1009 1522 1035 es
1553 993 1760 1052 magistro

185 1096 189 1100 .
230 1073 454 1120 raptorum
470 1061 497 1112 ¹,
523 1061 598 1120 qui
620 1062 701 1103 sub
729 1077 772 1103 se
792 1061 923 1103 habet
942 1061 1087 1119 plures
1110 1061 1226 1104 fures
1253 1073 1296 1104 et
1327 1074 1537 1122 raptores.
1564 1063 1611 1106 Si
1642 1063 1759 1106 enim

231 1132 275 1175 in
310 1132 462 1191 patria,
502 1133 568 1174 vel
607 1132 717 1184 loco,
755 1132 828 1174 ubi
864 1132 1010 1190 plures
1043 1144 1147 1175 sunt
1186 1145 1397 1191 raptores,
1440 1134 1539 1192 quis
1571 1134 1763 1177 voluerit

231 1219 380 1246 secure
416 1203 646 1245 transitum
681 1219 809 1245 suum
849 1203 984 1245 facere
1010 1219 1087 1262 per
1120 1203 1245 1246 illum
1282 1204 1443 1259 locum,
1483 1205 1557 1247 dat
1594 1205 1762 1264 aliquid

233 1274 437 1332 magistro
458 1285 682 1332 raptorum
712 1274 775 1316 vel
796 1273 924 1316 alicui
946 1274 999 1316 de
1025 1273 1131 1326 suis,
1158 1286 1206 1317 ut
1225 1275 1362 1333 possit
1380 1276 1539 1318 habere
1559 1292 1762 1319 securum

233 1344 413 1387 ductum
443 1361 519 1403 per
539 1345 663 1387 illum
693 1345 833 1388 locum
863 1345 1175 1403 periculosum,
1211 1357 1254 1387 et
1280 1357 1384 1389 tunc
1415 1346 1614 1390 concedit
1641 1347 1763 1406 signa

233 1415 299 1458 vel
327 1416 506 1467 litteras,
538 1433 592 1458 ne
619 1415 717 1474 quis
739 1432 916 1459 suorum
939 1416 1106 1474 aliquid
1128 1416 1267 1475 rapiat
1296 1418 1349 1459 ab
1376 1417 1544 1461 eodem.
1571 1418 1657 1471 Sic,
1688 1418 1762 1460 do-

235 1486 353 1529 mine
378 1503 468 1538 rex,
493 1486 536 1528 in
565 1487 762 1545 partibus
784 1487 868 1529 illis
891 1487 933 1528 in
956 1487 1117 1546 quibus
1137 1487 1370 1530 transitum
1400 1499 1526 1531 tuum
1556 1489 1659 1531 facis
1680 1500 1760 1541 est,

235 1557 350 1616 quod
375 1557 410 1600 si
428 1557 526 1616 quis
553 1557 737 1600 voluerit
758 1569 862 1600 tunc
882 1574 948 1600 res
969 1574 1066 1601 suas
1095 1558 1254 1601 habere
1272 1559 1423 1611 salvas,
1447 1571 1619 1618 oportet
1644 1560 1764 1618 quod

235 1627 440 1687 impetret
457 1628 538 1671 sibi
566 1629 725 1671 amicos
747 1628 791 1671 in
813 1629 932 1672 curia
954 1640 1026 1672 tua
1054 1646 1131 1688 per
1153 1646 1333 1672 munera
1360 1647 1453 1683 sua,
1478 1642 1527 1673 ut
1560 1630 1766 1689 impetret

236 1714 258 1740 a
281 1709 321 1741 te
346 1698 536 1757 aliquam
567 1698 784 1741 litteram²
813 1715 911 1742 cum
943 1700 1165 1742 contineat
1187 1701 1261 1758 jus
1294 1700 1341 1758 [f.
1383 1700 1482 1759 137]
1509 1716 1760 1752 commune,

237 1769 336 1828 quia
370 1770 424 1812 de
448 1771 548 1827 jure
583 1770 822 1822 communi,
859 1787 987 1812 nemo
1014 1770 1144 1813 debet
1176 1786 1328 1829 capere
1355 1772 1468 1814 bona
1497 1771 1656 1825 aliena,
1686 1771 1765 1814 do-

238 1840 358 1883 mino
406 1840 559 1894 invito,
607 1841 700 1883 sine
751 1843 868 1899 justa
914 1857 1056 1884 causa.
1100 1843 1155 1884 Et
1198 1842 1396 1900 quamvis
1423 1859 1497 1884 rex
1526 1843 1767 1902 preciperet

237 1911 364 1954 alicui
395 1912 514 1970 quod
547 1923 719 1970 caperet
751 1913 862 1954 bona
896 1912 1073 1955 alterius
1110 1913 1289 1970 injuste,
1329 1928 1417 1955 non
1457 1924 1568 1956 esset
1602 1913 1645 1955 in
1685 1914 1767 1956 hoc

237 1997 338 2025 casu
375 1982 555 2024 domino
588 1982 883 2025 obediendum
899 1982 927 2035 ³,
971 1995 1014 2026 et
1052 1983 1128 2042 qui
1165 1983 1211 2026 in
1252 1984 1333 2026 hoc
1367 2000 1468 2027 casu
1495 2001 1583 2027 non
1616 1984 1767 2027 obedit

238 2053 325 2111 regi
353 2054 515 2111 grande
548 2054 765 2112 premium
796 2054 878 2096 sibi
908 2053 1102 2112 adquirit
1128 2053 1410 2113 quicumque,
1441 2066 1541 2107 etc.,
1567 2070 1603 2098 c.
1635 2058 1765 2113 impe-

240 2122 398 2168 riumb.
439 2126 507 2175 Et,
542 2135 586 2167 tu
616 2141 706 2177 rex,
738 2124 930 2183 intellige
963 2124 1071 2183 quid
1098 2124 1203 2167 dicit
1233 2125 1508 2184 Augustinus
1542 2125 1595 2168 de
1622 2125 1763 2169 verbis

239 2194 459 2238 Dominic.
502 2197 622 2247 Ecce,
660 2207 706 2238 tu
743 2212 834 2249 rex,
873 2196 1013 2238 recole
1055 2195 1318 2254 primordia;
1367 2196 1452 2248 dic,
1494 2212 1616 2255 rogo,
1657 2196 1765 2259 quid

238 2266 450 2318 attuleris,
491 2278 568 2309 aut
597 2267 631 2309 si
672 2266 814 2309 dicere
845 2266 1079 2320 erubescis,
1118 2267 1382 2325 Apostolum
1416 2267 1519 2310 audi
1549 2284 1557 2309 ε
1600 2267 1763 2321 ΝίσΙιίἰ,

285 2491 355 2529 12.
386 2492 667 2533 —1latr0num‚
689 2492 761 2533 C1.‚
785 2491 830 2526 V.
846 2493 904 2532 R„
927 2491 1065 2539 —²(ut
1078 2493 1255 2539 impetret
1276 2491 1457 2539 litteram)
1470 2493 1571 2540 quod
1587 2493 1769 2540 impetret

240 2551 260 2573 a
279 2544 313 2573 te
331 2540 476 2586 aliquas
492 2539 637 2574 litteras
655 2552 701 2574 ne
717 2540 801 2586 quis
816 2540 939 2585 capiat
955 2539 1054 2575 bona
1074 2553 1141 2574 sua
1162 2546 1292 2575 contra
1309 2541 1390 2587 ejus
1411 2541 1656 2582 voluntatem,
1681 2553 1767 2576 cum

240 2587 430 2621 contineat
445 2587 520 2633 jus,
545 2587 617 2626 Cl.,
639 2587 683 2621 V.
705 2587 748 2620 R.
769 2600 775 2627 ;
809 2588 910 2633 quod
930 2588 1106 2633 impetret
1126 2600 1146 2622 a
1165 2592 1208 2622 'te
1236 2588 1392 2622 amicam
1410 2588 1586 2628 litteram,
1607 2600 1654 2622 ne
1676 2589 1766 2636 quis

232 2634 362 2680 rapiat
382 2633 481 2668 bona
504 2647 570 2668 sua
586 2639 716 2668 contra
736 2635 817 2680 ejus
839 2634 1082 2676 voluntatem,
1108 2635 1148 2668 F.
1172 2654 1216 2661 —-
1236 2634 1251 2658 ³
1265 2635 1503 2670 obediendus
1525 2635 1616 2681 (sic)
1639 2636 1686 2670 D.
1722 2655 1767 2663 -

289 2762 326 2786 a.
355 2751 422 2795 §t
446 2770 489 2776 —
511 2750 544 2783 b.
565 2749 605 2786 C.
624 2750 666 2791 L,
692 2749 732 2785 C.
750 2750 832 2791 XII,
850 2750 897 2791 Q.
918 2751 952 2784 2.
967 2770 1011 2776 —
1027 2749 1220 2784 Hincmari
1238 2750 1414 2797 Epistola
1432 2749 1485 2785 ad
1501 2751 1628 2798 episco
1659 2762 1700 2785 os
1723 2750 1771 2785 de

243 2798 478 2832 institutione
502 2797 780 2837 Carolomanni,
806 2810 888 2842 cap.
911 2797 1014 2838 VIII,
1035 2799 1077 2831 P.
1100 2800 1153 2837 L.,
1178 2804 1204 2831 t.
1228 2797 1374 2838 CXXV,
1398 2810 1434 2843 p.
1458 2799 1541 2833 835.
1559 2817 1605 2824 —-
1654 2810 1772 2833 mara-

244 2846 353 2890 gdus,
367 2847 411 2879 P.
428 2846 483 2884 L.,
500 2850 524 2878 t.
537 2844 618 2885 CII,
634 2857 670 2889 p.
687 2845 768 2879 933.
785 2844 958 2878 —Jonas
974 2844 1274 2884 Aurelianensis,
1288 2846 1331 2878 P.
1347 2847 1402 2885 L.,
1417 2844 1557 2885 t.CV1,
1574 2858 1610 2890 p.
1629 2846 1710 2880 295.
1728 2865 1774 2871 —

245 2892 420 2926 Sedulius
451 2892 596 2930 Scotus,
628 2893 671 2925 P.
697 2894 750 2931 L.,
774 2898 798 2925 t.
827 2891 926 2931 CIII,
952 2904 1014 2937 pp.
1039 2893 1120 2931 294,
1141 2893 1221 2930 295,
1245 2893 1326 2926 329.
1349 2912 1395 2917 —-
1428 2891 1539 2936 Hugo
1561 2893 1606 2925 de
1638 2892 1775 2926 Sancta

245 2939 378 2979 Maria,
398 2941 440 2973 P.
461 2940 516 2978 L.,
538 2945 563 2972 t.
582 2938 751 2978 CLXIII,
777 2951 812 2984 p.
833 2940 916 2973 941.
940 2958 983 2964 —
1002 2938 1039 2972 S.
1058 2939 1311 2984 Augustinus,
1331 2940 1385 2972 De
1408 2937 1526 2972 libero
1548 2938 1733 2979 arbitrio,
1759 2939 1775 2972 Ι

246 2998 327 3032 cap.
347 2987 367 3020 5
389 2998 395 3019 :
419 2999 443 3039 “.
459 2986 717 3040 Nonvidetur
738 2998 822 3019 esse
844 2986 902 3019 lex
922 2997 1016 3032 quae
1034 2985 1136 3039 justa
1157 2999 1234 3039 non
1255 2985 1387 3024 fuerit;
1411 2987 1510 3019 unde
1532 2985 1775 3066 ianuantum

248 3033 361 3114 ἷῖἱέῗιῗζ
366 3034 395 3112 3
391 3045 471 3113 fid?
477 3038 726 3124 ³ss2⁰s¹fil1¹3¹utiss
730 3033 835 3113 iffi}
838 3033 1045 3113 ¹³1ffleff⁰dvg
1050 3033 1289 3113 rfl-Ztt‘ilffifflse
1294 3033 1381 3125 ’3ἰέῗῖ
1387 3045 1432 3113 ῗὲ
1436 3035 1636 3125 ’ξυᾼὲωὲἰ
1642 3034 1727 3113 ῗίῗέ
1730 3045 1776 3125 Ξίξ

249 3132 404 3162 naturae
426 3127 628 3160 derivatur.
653 3126 691 3160 Si
711 3139 799 3160 vero
820 3127 857 3160 in
880 3127 1006 3173 aliquo
1028 3139 1047 3160 a
1067 3126 1148 3172 lege
1170 3126 1333 3160 naturali
1361 3127 1569 3167 discordet,
1595 3127 1672 3172 jam
1699 3140 1777 3161 non

1568 3198 1586 3235 7
