2314 3736
978 380 1026 387 —-
1065 356 1133 398 157
1166 381 1214 387 -

387 446 681 496 XXXVIII.
718 448 842 499 Item,
868 446 924 488 sis
947 446 1156 488 sollicitus
1178 457 1226 488 ut
1249 446 1404 489 habeas
1426 446 1575 490 fideles
1602 446 1801 500 ballivos‚‘
1816 459 1859 491 et

328 521 587 581 prepositos,
619 530 660 561 et
680 518 856 576 inquire
876 516 1109 575 diligenter
1130 518 1353 575 quomodo
1376 534 1420 560 se
1445 530 1612 577 gerant.
1647 519 1859 562 Similiter

327 592 380 634 de
397 591 594 650 hospicio
616 601 707 632 tuo.
740 588 842 642 Sed,
861 588 1039 630 domine
1061 604 1151 640 reX‚
1175 605 1253 646 pro
1275 599 1390 631 certo
1418 589 1514 631 dico
1541 590 1637 642 tibi,
1664 590 1718 632 de
1735 606 1858 634 escu-

327 662 456 706 lentis
483 673 525 705 et
551 661 796 720 poculentis
820 670 862 701 et
885 659 980 701 aliis
1002 660 1270 710 necessariis,
1300 659 1527 718 decipiunt
1550 672 1590 703 te
1611 672 1653 703 et
1673 662 1856 720 seipsos,

328 733 478 777 saltem
501 734 545 775 in
573 733 656 775 hoc
670 730 789 790 quod
805 730 984 789 capiunt
1012 730 1148 772 multa
1171 731 1284 772 bona
1318 730 1504 773 aliorum
1533 743 1683 774 contra
1706 748 1857 775 eorum

327 802 632 847 voluntatem¹.
674 803 784 844 Nam
824 817 874 843 ex
914 801 1012 854 hoc,
1054 801 1286 843 incurrunt
1320 802 1674 861 indignacionem
1706 804 1789 845 Dei
1819 815 1861 846 et

328 874 480 934 populi
506 873 739 933 anglicani,
772 883 820 914 ut
852 872 1053 930 superius
1090 883 1154 913 est
1190 883 1404 915 notatum.
1444 874 1500 914 Et
1536 873 1644 915 scire
1671 884 1712 915 te
1737 874 1855 927 volo,

327 945 506 988 domine
531 961 622 997 rex,
644 943 763 1003 quod
792 943 911 985 nulla
933 954 997 984 est
1017 943 1249 1001 sapiencia,
1275 954 1421 985 tenere
1462 955 1627 986 tantam
1662 945 1858 987 multitu-

327 1016 474 1059 dinem
509 1015 740 1057 hominum
763 1025 806 1056 et
827 1030 1039 1071 equorum
1061 1013 1115 1055 ad
1138 1025 1233 1056 tuas
1255 1031 1480 1072 expensas,
1516 1015 1627 1058 sicut
1654 1025 1701 1057 tu
1736 1015 1854 1067 facis,

327 1103 379 1130 ex
404 1102 492 1145 quo
520 1102 602 1145 pax
629 1097 693 1128 est
715 1101 832 1127 nunc
852 1086 897 1126 in
920 1096 1030 1126 terra
1059 1085 1155 1136 ista,
1178 1085 1432 1127 benedictus
1457 1087 1593 1139 Deus,
1613 1086 1687 1128 sed
1703 1102 1858 1145 magna

326 1157 531 1201 stulticia.
562 1159 716 1199 Nonne
737 1156 899 1198 stultus
924 1167 1003 1208 est,
1034 1156 1111 1213 qui
1138 1156 1236 1214 plus
1258 1157 1465 1214 expendit
1496 1173 1626 1215 quam
1662 1158 1791 1199 habet
1812 1157 1856 1199 i‘n

326 1228 487 1271 bonis?
509 1229 652 1280 Certe,
679 1228 753 1270 sic.
779 1227 863 1269 Sed
885 1227 1046 1269 dicitur
1072 1228 1379 1279 communiter,
1405 1227 1523 1285 quod
1551 1229 1696 1270 omnia
1720 1229 1856 1270 mobi-

325 1299 381 1341 lia
396 1315 482 1357 que
508 1310 554 1341 tu
579 1299 711 1341 habes
731 1299 776 1340 in
811 1298 993 1350 mundo,
1027 1298 1128 1340 dato
1156 1298 1274 1356 quod
1301 1299 1343 1340 in
1386 1298 1586 1357 triplum,
1628 1315 1715 1341 non
1737 1298 1856 1341 suffi-

325 1370 447 1413 ciunt
466 1370 519 1412 ad
548 1370 693 1412 debita
715 1380 803 1422 tua,
829 1380 871 1411 et
891 1369 1036 1411 debita
1064 1369 1198 1427 patris
1220 1369 1284 1411 tui
1311 1380 1353 1411 et
1379 1370 1445 1411 avi
1478 1369 1778 1428 persolvenda,
1802 1370 1857 1412 ad

324 1457 512 1499 quorum
536 1441 804 1483 solucionem
830 1451 874 1482 tu
904 1440 1088 1492 teneris;
1122 1456 1205 1498 qua
1247 1440 1423 1482 audacia
1458 1440 1590 1482 audes
1625 1440 1763 1482 facere
1793 1451 1857 1483 tot

325 1527 534 1571 expensas
558 1512 575 1553 P
596 1512 694 1554 Non
715 1511 863 1553 credas
884 1511 1004 1569 quod
1032 1511 1148 1553 filius
1171 1522 1272 1553 tuus
1299 1511 1402 1554 velit
1420 1511 1563 1553 debita
1578 1522 1650 1554 tua
1673 1511 1851 1564 solvere,

325 1599 414 1625 non
436 1582 535 1642 plus
553 1598 684 1642 quam
707 1593 770 1634 tu,
794 1582 938 1624 debita
958 1583 1094 1641 patris
1118 1582 1197 1624 tui.
1230 1582 1420 1635 Et‘ideo‚
1445 1582 1626 1625 consulo
1649 1582 1767 1640 quod
1792 1582 1853 1624 di-

325 1653 497 1696 minuas
525 1653 578 1696 de
599 1653 798 1712 expensis
817 1653 974 1695 domus
1002 1664 1090 1705 tue,
1117 1664 1165 1695 ut
1192 1653 1436 1695 satisfacere
1454 1654 1616 1712 poteris
1632 1653 1853 1695 creditori-

324 1725 406 1767 bus
428 1725 531 1776 tuis,
563 1736 605 1767 et
627 1725 778 1783 patris,
798 1735 840 1766 et
861 1725 948 1777 avi,-
969 1724 1003 1766 si
1025 1724 1130 1766 velis
1151 1724 1339 1767 animam
1363 1735 1480 1766 tuam
1499 1724 1674 1775 salvare,
1700 1735 1741 1766 et
1756 1724 1853 1766 ideo

324 1796 615 1838 necessarium
648 1806 712 1837 est
740 1796 818 1837 tibi
840 1811 986 1838 cavere
1013 1812 1034 1837 a
1056 1793 1372 1853 superfluitate,
1400 1806 1441 1837 et
1473 1795 1743 1837 abundancia
1779 1811 1852 1837 ex-

323 1882 573 1925 pensarum,
598 1878 641 1908 et
661 1884 683 1908 a
712 1866 856 1909 stultis
878 1877 919 1908 et
942 1865 1175 1925 superfluis
1202 1866 1533 1919 donacionibus‚
1560 1877 1607 1908 ut
1633 1866 1686 1908 de
1711 1877 1852 1908 cetero

325 1937 504 1980 militari
531 1938 694 1996 poteris
718 1939 811 1979 Deo
840 1949 1004 1980 nostro.
1038 1936 1327 1996 Superfluitas
1354 1953 1641 1996 expensarum
1670 1948 1733 1979 est
1754 1937 1850 1979 des-

323 2009 487 2051 truccio
508 2009 646 2067 regni,
670 2009 770 2067 quia
802 2008 979 2067 quando
1007 2007 1284 2066 superfluitas
1306 2025 1594 2067 expensarum
1619 2009 1851 2066 superabat

324 2079 520 2122 redditus
550 2080 790 2131 civitatum,
824 2091 867 2121 et
887 2081 946 2122 sic
973 2079 1217 2121 redditibus
1239 2088 1279 2121 et
1307 2079 1506 2137 expensis
1527 2079 1847 2131 deficientibus,

323 2158 443 2208 'reges
482 2151 773 2193 extenderunt
801 2167 955 2193 manus
994 2167 1091 2193 suas
1130 2150 1183 2192 ad
1224 2166 1290 2192 res
1330 2161 1371 2191 et
1410 2149 1606 2192 redditus
1645 2149 1847 2192 aliorum.

323 2221 501 2263 Subditi
521 2238 635 2275 vero,
657 2233 833 2280 propter
847 2222 1053 2279 injuriam
1070 2222 1365 2264 clamaverunt
1379 2221 1433 2262 ad
1448 2221 1689 2263 Dominum
1707 2222 1849 2262 Deum

322 2283 537 2334 excelsum
558 2303 600 2333 et
625 2292 879 2351 gloriosum,
911 2292 987 2350 qui
1010 2293 1246 2334 immittens
1268 2302 1445 2333 ventum
1467 2291 1672 2342 validum,
1697 2290 1853 2333 afflixit

322 2378 394 2404 eos
420 2362 710 2414 vehementer,
745 2374 787 2405 et
815 2364 1051 2406 insurrexit
1081 2363 1270 2422 populus
1303 2374 1453 2404 contra
1487 2377 1574 2412 eos,
1606 2372 1648 2403 et
1676 2361 1849 2403 nomina

322 2449 472 2475 eorum
487 2433 540 2476 de
562 2445 672 2476 terra
695 2434 868 2492 penitus
890 2434 1158 2477 deleverunt.
1187 2434 1240 2475 Et
1259 2434 1357 2476 ideo
1376 2449 1475 2475 cave
1496 2433 1592 2486 tibi,
1618 2442 1661 2474 et
1674 2432 1850 2474 adverte

322 2520 376 2546 ne
403 2503 544 2546 tradas
572 2505 783 2547 oblivioni
809 2505 916 2564 quid
937 2505 1091 2547 accidit
1118 2505 1230 2564 patri
1253 2515 1345 2547 tu0.

381 2644 628 2691 XXXIX.
665 2647 787 2698 Item,
825 2662 992 2705 semper
1021 2646 1228 2689 obediens
1265 2657 1356 2688 esto
1386 2657 1428 2688 et
1459 2645 1639 2687 devotus
1673 2643 1847 2686 ecclesie

321 2716 514 2758 Romane
528 2728 571 2758 et
588 2717 765 2759 domino
792 2733 918 2775 pape,
943 2728 1163 2776 tamquam
1184 2717 1297 2776 patri
1319 2716 1552 2775 spirituali.
1579 2716 1633 2757 Et
1651 2731 1728 2774 ego
1750 2715 1846 2757 dico

322 2786 418 2837 tibi,
436 2787 614 2829 domino
628 2787 735 2846 regi,
753 2788 871 2845 quod
894 2804 981 2830 non
1004 2799 1067 2830 est
1079 2788 1132 2830 de
1152 2788 1377 2830 voluntate
1398 2786 1564 2829 domini
1577 2802 1701 2845 pape,
1726 2785 1846 2843 quod

321 2858 387 2900 tui
413 2857 601 2899 ministri
618 2858 790 2916 capient
810 2858 954 2917 aliqua
977 2860 1090 2901 bona
1108 2869 1254 2901 contra
1277 2858 1546 2901 voluntatem
1568 2857 1845 2898 dominorum

320 2944 508 2986 quorum
537 2939 638 2971 sunt
665 2930 795 2983 bona,
825 2929 926 2987 quia
949 2930 1041 2988 ipse
1060 2946 1185 2988 papa,
1209 2945 1231 2971 a
1253 2945 1357 2988 quo,
1383 2940 1429 2971 tu
1458 2939 1578 2970 tenes
1600 2938 1734 2969 totam
1757 2938 1843 2969 ter-

368 3108 617 3147 XXXVIII.
642 3110 653 3132 ¹
671 3123 753 3145 cum
774 3115 898 3145 tamen
919 3111 1023 3147 nullo
1036 3112 1148 3146 modo
1166 3112 1250 3158 jure
1271 3112 1342 3146 hoc
1364 3111 1485 3146 facere
1507 3115 1669 3158 possunt
1700 3109 1775 3144 nisi
1796 3109 1843 3144 ad

321 3157 375 3191 tui
397 3162 432 3191 et
450 3169 580 3192 eorum
599 3158 882 3193 damnacionem
902 3159 946 3194 A.
