2444 3750
899 347 1111 389 -49-

239 472 287 518 in
328 469 611 520 Brabantiae
646 468 904 526 nundinas,
941 476 1023 514 aut
1065 467 1194 525 alibi,
1231 466 1582 514 transferantur
1624 486 1771 515 naves

241 560 509 617 onerariae,
562 575 744 604 summa
800 558 924 621 regis
969 565 1205 622 potestate
1252 557 1531 621 imperatae,
1585 558 1630 603 in
1685 562 1769 604 Ta-

241 650 373 696 misia
401 648 561 714 plures
601 665 789 694 menses
815 646 1072 711 aliquando
1099 645 1394 693 detinentur.
1431 650 1617 711 Itaque,
1650 656 1772 694 teste

240 738 421 786 Adamo
467 737 853 800 Murimutensif,
906 755 927 780 «
977 743 1074 782 tota
1126 734 1303 781 utilitas
1348 745 1673 782 mercatorum
1725 746 1772 784 et

243 835 498 874 nautarum
542 835 590 872 et
631 826 848 872 omnium
891 825 1312 871 mercimoniarum
1352 824 1687 872 vehendorum
1725 835 1773 873 et

241 915 645 982 reportandorum
675 931 761 980 per
789 931 923 961 mare
953 912 1041 960 fuit
1071 913 1153 959 illo
1193 931 1321 960 anno
1355 916 1513 976 (1337)
1551 916 1775 979 nequiter

173 1063 177 1068 .
241 1005 485 1071 impedita.
519 1024 540 1048 »

307 1098 429 1142 Cum
450 1094 573 1141 *haec
604 1102 764 1140 essent
791 1093 852 1139 ita
877 1092 1154 1150 constituta,
1185 1109 1265 1139 rex
1298 1101 1457 1139 autem
1486 1110 1582 1139 non
1611 1102 1774 1158 posset
1838 1114 1842 1118 ⁶

242 1201 409 1231 revera
438 1184 539 1248 ipsc
571 1200 646 1231 res
676 1199 784 1229 suas
815 1199 973 1246 agere,
1006 1191 1053 1228 et
1083 1182 1289 1246 propriis
1319 1182 1414 1228 suis
1443 1181 1662 1228 manibus
1693 1191 1774 1229 aut

242 1272 482 1320 venditori
503 1271 706 1330 solvere,
731 1280 811 1318 aut
831 1271 891 1318 ab
905 1279 1123 1336 emptore
1143 1271 1374 1335 recipere,
1398 1271 1632 1335 quosdam
1652 1289 1772 1318 mer·

243 1370 429 1409 catores
454 1361 672 1408 homines
700 1378 811 1407 suos
846 1361 1065 1418 instituit,
1096 1360 1196 1424 qui,
1231 1361 1355 1425 regis
1383 1361 1595 1419 nomine,
1624 1362 1774 1408 vecti-

242 1449 364 1515 galia
393 1451 520 1515 regia
554 1449 878 1514 colligerent².
904 1452 1039 1509 Quae
1069 1466 1145 1496 res
1177 1466 1287 1496 cum
1319 1449 1378 1496 ad
1411 1450 1657 1514 pactiones
1691 1451 1773 1496 ini-

245 1540 495 1603 quissimas
509 1556 730 1604 magnam
744 1539 838 1585 vim
861 1537 1067 1596 habuit³,
1090 1555 1247 1602 neque
1261 1538 1318 1585 ad
1341 1555 1500 1585 veram
1520 1538 1774 1586 utilitatem

245 1627 463 1675 Edwardi
496 1628 742 1693 pertinuit,
792 1636 893 1674 tum
928 1644 1041 1675 vero
1082 1627 1139 1674 ad
1191 1628 1466 1674 vexationes
1507 1645 1774 1693 pauperum

244 1718 526 1783 praesertim
559 1717 890 1780 agricolarum,
928 1717 1009 1781 qui
1044 1734 1211 1764 omnes
1242 1716 1587 1782 spoliabantur,
1631 1726 1776 1782 prout

244 1805 426 1853 vellent
457 1801 722 1864 exactores,
759 1806 940 1853 aditum
967 1805 1207 1871 patefecit.
1233 1809 1447 1870 Ecquem
1474 1807 1602 1853 enim
1635 1815 1776 1872 putes

245 1904 536 1954 exactorem,
574 1895 663 1942 hac
702 1895 982 1942 tantalicent
1018 1896 1056 1941 ia
1091 1896 1344 1960 permissa,¹
1385 1904 1436 1942 ut
1471 1913 1626 1961 paene
1663 1905 1774 1943 tan-

247 1991 350 2030 tum
391 1983 450 2030 ab
495 1993 681 2031 aratore
715 1993 950 2049 quantum
995 1985 1292 2049 poposcisset
1329 1984 1558 2043 auferret,
1597 2002 1775 2050 procu-

247 2074 486 2120 rationum
533 2090 707 2138 nempe
751 2073 1073 2131 simulatione,
1124 2082 1268 2138 atque
1319 2082 1370 2120 ut
1414 2073 1610 2120 castella
1643 2075 1773 2139 regia

246 2161 390 2209 rebus
415 2160 638 2209 omnibus
667 2162 945 2209 necessariis
967 2163 1320 2209 instruerentur
1350 2170 1399 2210 et
1426 2179 1773 2228 componeren-

247 2249 368 2309 tur‘,
397 2267 598 2315 ecquem
624 2259 780 2316 putes,
809 2251 1023 2315 inquam,
1046 2260 1318 2298 exactorem
1352 2268 1449 2298 non
1485 2251 1595 2317 plus
1626 2270 1771 2317 quam

246 2338 502 2386 deberetur
555 2340 865 2404 poposcisse?
920 2340 1204 2387 Consideret
1257 2358 1366 2387 cum
1421 2358 1508 2388 suo
1569 2342 1774 2406 quisque

247 2428 425 2485 animO,
443 2444 649 2492 ecquem
666 2437 820 2493 putet,
850 2430 1131 2493 praesertim
1159 2446 1269 2475 cum
1297 2429 1343 2475 id
1366 2447 1462 2475 non
1492 2429 1647 2476 solum
1668 2447 1773 2477 ava-

248 2517 372 2573 ritia,
414 2516 497 2564 sed
534 2517 676 2563 etiam
713 2517 1031 2582 imprudentia
1071 2518 1288 2566 accidere
1322 2519 1560 2584 potuerit,
1597 2519 1775 2566 multos

306 2736 341 2774 1.
375 2735 510 2773 Adami
530 2735 816 2775 Mur-immensis
838 2738 1038 2785 chronica,
1062 2752 1102 2789 p.
1128 2740 1191 2777 80.

303 2795 341 2831 2.
374 2799 453 2832 Ros.
483 2799 609 2842 Par-l„
640 2803 666 2833 t.
690 2798 738 2841 11,
766 2810 830 2847 pp.
860 2799 947 2842 118,
979 2799 1066 2839 120.
1104 2799 1191 2836 140.
1218 2822 1262 2827 -
1293 2802 1448 2848 Rymer,
1472 2806 1498 2836 t.
1524 2800 1576 2843 II,
1597 2806 1694 2850 part.
1721 2799 1773 2844 ΙΙ,

249 2865 288 2904 p.
322 2854 413 2892 989.
451 2856 617 2893 ...Come
648 2868 745 2893 nous
775 2868 868 2893 eons
895 2856 1056 2906 chargez
1085 2870 1157 2894 noz
1185 2857 1295 2896 chers
1325 2859 1568 2896 merehauntz
1600 2858 1649 2895 de
1682 2858 1776 2895 faire

250 2919 377 2949 nostre
409 2913 642 2963 purvoiance
667 2922 704 2952 et
728 2915 873 2952 lachate
905 2916 954 2953 de
983 2923 1082 2953 trent
1115 2916 1216 2954 mille
1251 2931 1332 2955 sacs
1363 2918 1411 2955 de
1438 2917 1588 2956 laine...
1623 2924 1660 2954 et
1691 2915 1778 2967 q'ils

252 2970 375 3008 faceat
401 2970 436 3008 la
463 2979 576 3010 vente
594 2973 662 3010 des
684 2973 816 3018 laines,
840 2982 876 3011 et
904 2987 980 3025 que
1003 2975 1051 3012 de
1075 2975 1227 3013 deniers
1257 2976 1394 3014 issantz
1427 2977 1475 3013 de
1500 2975 1536 3013 la
1572 2983 1680 3013 vente
1709 2976 1778 3013 des

252 3029 331 3066 ditz
351 3028 482 3075 laines,
504 3043 600 3069 nous
621 3031 743 3069 facent
765 3032 1008 3071 chevissance
1029 3034 1077 3071 de
1097 3034 1201 3072 deux
1222 3043 1329 3073 centz
1351 3035 1452 3072 mille
1472 3034 1639 3073 livres...

309 3089 343 3126 3.
377 3089 448 3127 Th.
467 3092 622 3139 Rogers‚
646 3105 706 3140 op.
727 3093 810 3138 cit„
835 3105 873 3142 p.
900 3094 990 3131 119.

307 3148 343 3184 4.
378 3152 457 3185 [ωε.
478 3152 601 3197 Pari„
625 3156 650 3188 t.
679 3151 730 3197 11,
755 3163 821 3201 pp.
844 3152 905 3196 32,
927 3152 989 3199 34,
1015 3153 1106 3198 109,
1131 3154 1220 3191 115.
