2314 3736
1008 345 1247 389 -133-

863 654 1059 697 CAPUT
1095 654 1406 708 QUARTUM.

418 862 504 909 VI.
534 863 588 906 Et
609 878 702 905 ecce
723 863 902 906 domine
930 862 988 906 mi
1015 878 1105 914 rex,
1136 862 1241 920 quid
1272 862 1436 905 faciunt
1462 879 1673 922 pauperes
1701 864 1890 925 hospitia

363 945 575 986 tenentes,
606 934 767 993 quibus
794 935 943 994 pocius
963 935 1072 977 foret
1093 933 1287 976 dandum
1315 933 1479 977 intuitu
1508 934 1729 978 charitatis
1756 953 1887 996 quam

361 1007 415 1050 ab
448 1005 509 1048 eis
537 1005 703 1064 aliquid
733 1005 1011 1065 capiendum,
1039 1004 1140 1063 quia
1169 1021 1267 1047 cum
1296 1004 1462 1064 aliquid
1493 1005 1681 1048 audiunt
1718 1007 1772 1049 de
1811 1019 1888 1051 tuo

358 1077 546 1120 adventu
585 1076 828 1131 tristantur,
869 1089 909 1119 et
943 1076 1090 1119 statim
1126 1092 1202 1135 pre
1240 1075 1396 1119 timore
1430 1077 1705 1120 abscondunt
1740 1094 1883 1128 aucas,

358 1148 540 1208 gallinas
561 1159 603 1190 et
624 1159 763 1190 cetera
785 1149 924 1201 bona3
949 1148 1014 1190 vel
1043 1147 1248 1198 alienant,
1281 1163 1353 1189 seu
1378 1147 1420 1189 in
1450 1147 1681 1190 esculentis
1694 1160 1736 1191 et
1750 1142 1886 1208 pocu-

358 1219 487 1262 lentis
514 1230 800 1271 consumunt,
827 1236 881 1261 ne
904 1235 951 1261 ea
972 1218 1177 1261 amittant
1198 1218 1240 1259 in
1268 1229 1343 1260 tuo
1371 1218 1558 1261 adventu
1585 1236 1594 1271 3
1630 1219 1741 1262 sicut
1780 1221 1884 1263 face-

359 1301 455 1333 rent
483 1290 517 1332 si
558 1290 784 1332 crederent
816 1290 930 1333 fures
964 1302 1006 1333 et
1033 1301 1243 1349 raptores,
1275 1306 1347 1332 seu
1377 1290 1623 1333 consimiles
1655 1291 1708 1333 ad
1739 1292 1885 1335 villam

358 1360 519 1405 venire.
546 1362 582 1414 Ο
605 1361 753 1404 dolor!
780 1363 818 1404 O
842 1361 1005 1421 pudor!
1035 1362 1072 1403 O
1102 1361 1408 1419 opprobrium!
1442 1362 1479 1403 O
1512 1360 1712 1404 infamia!
1754 1364 1792 1405 O
1820 1364 1884 1405 af-

359 1431 514 1475 flictio!
541 1433 579 1474 O
607 1432 811 1475 ambitio!
843 1434 882 1475 O
904 1434 1142 1475 certamen!
1179 1433 1217 1475 O
1239 1431 1502 1491 compassio!
1547 1433 1585 1474 O
1613 1433 1880 1477 convicium!

358 1504 396 1546 O
425 1503 659 1546 damnum!
684 1504 721 1545 O
744 1503 946 1546 tristicia!
984 1505 1022 1546 O
1047 1505 1185 1546 error!
1214 1504 1252 1545 O
1283 1503 1465 1545 falsitas!
1498 1504 1535 1545 O
1558 1503 1698 1546 fraus!
1725 1505 1763 1547 O
1791 1505 1883 1548 fur-

358 1576 474 1617 tum!
500 1575 538 1616 O
567 1574 738 1632 rapina!
771 1575 809 1616 O
832 1574 1091 1617 infidelitas!
1119 1575 1157 1616 O
1186 1573 1479 1632 ingratitudo!
1518 1575 1556 1616 O
1594 1574 1880 1618 instabilitas!

357 1646 396 1688 Ο
424 1645 570 1687 labor!
595 1646 632 1687 O
661 1645 857 1688 lacrime!
890 1647 928 1687 O
952 1644 1312 1687 lamentaciones!
1339 1646 1377 1687 O
1401 1644 1670 1688 martirium!
1698 1646 1735 1688 O
1764 1662 1882 1689 men·

355 1715 549 1758 dacium!
576 1717 614 1758 O
636 1716 905 1775 perjurium!
938 1717 986 1759 O·
1009 1715 1276 1775 periculum!
1310 1717 1347 1758 O
1372 1715 1524 1758 timor!
1562 1717 1600 1758 O
1629 1717 1881 1760 scandalum

312 1789 314 1791 ’
357 1786 437 1829 tibi
476 1786 581 1845 regi,
624 1798 667 1829 et
706 1798 797 1830 toto
834 1787 994 1846 populo
1030 1787 1271 1845 anglicano,
1308 1787 1427 1844 quod
1469 1787 1568 1829 talia
1598 1787 1802 1830 accidunt
1833 1787 1880 1830 in

357 1868 432 1899 tuo
468 1857 684 1900 adventu!
723 1859 816 1917 Fy:
863 1858 922 1917 fy,
971 1858 1037 1916 fy;
1076 1858 1176 1908 heu,
1220 1857 1306 1900 heu
1338 1858 1441 1909 heu,
1474 1858 1594 1916 quod
1624 1858 1880 1916 hujusmodi

355 1927 449 1970 fieri
476 1928 794 1986 permittuntur
817 1945 826 1982 ;
850 1944 948 1971 cum
978 1928 1101 1987 quasi
1125 1945 1201 1987 per
1231 1928 1484 1971 universum
1520 1929 1670 1971 orbem
1699 1929 1799 1971 talia
1828 1930 1882 1973 de

356 2009 397 2040 te
425 1998 718 2057 predicantur.
751 2000 806 2041 Et
826 2015 961 2057 quare
986 1999 1084 2042 dico
1113 2011 1176 2041 ter
1204 1999 1317 2041 heu?
1336 2000 1386 2041 In
1409 1999 1693 2058 sequentibus
1716 2000 1796 2042 hoc
1815 2001 1880 2044 vi-

354 2069 492 2112 debis.
518 2070 573 2112 Et
594 2069 692 2112 ideo
713 2069 890 2112 domine
917 2086 1007 2123 rex,
1032 2070 1066 2113 si
1090 2069 1192 2113 velis
1218 2070 1336 2128 quod
1358 2070 1465 2113 velle
1486 2070 1632 2123 debes,
1658 2071 1778 2130 quod
1800 2071 1878 2114 hu-

349 2140 546 2198 jusmodi
580 2140 815 2199 obprobria
853 2141 906 2183 de
943 2141 1021 2183 hac
1057 2152 1168 2183 terra
1197 2157 1298 2183 mox
1335 2141 1560 2193 tollantur,
1609 2153 1652 2202 et
1683 2142 1876 2200 populus

352 2211 538 2269 gaudeat
583 2211 626 2252 in
673 2223 749 2254 tuo
791 2213 941 2269 jocoso
986 2213 1173 2255 adventu
1191 2223 1232 2254 et
1252 2212 1446 2254 dolorem
1469 2213 1622 2254 habeat
1637 2212 1690 2254 de
1708 2228 1877 2255 recessu

354 2293 431 2337 tuo
456 2284 468 2335 ;‘
496 2293 538 2324 te
557 2283 753 2333 consulo,
779 2294 820 2325 te
840 2299 960 2342 rogo,
979 2300 1029 2325 ex
1058 2294 1178 2342 parte
1196 2282 1297 2326 Dei¹
1323 2283 1638 2342 omnipotentis
1667 2295 1708 2326 et
1735 2295 1880 2326 sancte

354 2352 557 2406 Ecclesie,
588 2364 703 2395 etex
725 2365 846 2412 parte
873 2353 1024 2412 populi
1047 2354 1277 2412 anglicani,
1308 2366 1349 2396 et
1377 2356 1433 2396 ob
1460 2354 1642 2396 salutem
1672 2365 1714 2396 et
1741 2354 1877 2397 salva-

352 2423 521 2466 cionem
540 2423 684 2466 anime
701 2435 789 2478 tue,
807 2435 855 2467 ut
871 2424 997 2466 facias
1014 2425 1144 2467 statui
1165 2436 1207 2467 et
1225 2425 1434 2476 ordinari,
1454 2441 1507 2467 ne
1522 2424 1636 2482 quis,
1656 2426 1737 2467 sub
1758 2423 1875 2483 gravi

352 2510 479 2552 pena,
511 2494 651 2553 capiat
677 2496 789 2537 bona
829 2495 1013 2553 alicujus
1033 2507 1180 2537 contra
1213 2512 1334 2538 suam
1369 2497 1657 2547 voluntatem,
1697 2496 1770 2538 sed
1811 2511 1878 2537 res

352 2576 465 2607 emat
492 2564 603 2607 sicut
628 2581 725 2607 cum
763 2566 989 2608 venditore
1029 2566 1187 2625 poterit
1212 2567 1457 2620 convenire,
1489 2578 1531 2609 et
1569 2567 1704 2609 solvat
1730 2565 1876 2608 statim

352 2635 581 2694 pecuniam
616 2635 698 2695 ipsi
737 2637 969 2688 venditori,
1007 2638 1129 2680 nullo
1169 2638 1299 2680 modo
1329 2637 1573 2680 differendo
1607 2636 1875 2680 solucionem

351 2717 499 2748 contra
527 2707 796 2749 voluntatem
825 2708 1077 2750 venditoris.
1099 2710 1153 2751 Et
1179 2720 1381 2758 cai-emas,
1414 2725 1565 2767 equ05‚
1587 2724 1714 2767 opera
1738 2707 1875 2749 homi-

353 2793 459 2818 num
481 2778 709 2829 conducat,
743 2778 855 2821 sicut
882 2779 1122 2831 honestius,
1156 2780 1322 2822 facilius
1343 2791 1385 2822 et
1406 2779 1560 2822 melius
1590 2778 1752 2838 poterit
1777 2794 1875 2820 con-

351 2847 512 2891 venire.
545 2849 600 2890 Et
626 2848 660 2890 si
683 2848 742 2890 sic
770 2849 899 2891 fuerit
920 2850 1188 2901 ordinatum,
1215 2862 1257 2892 et
1277 2861 1507 2902 statutum,
1532 2849 1728 2892 homines
1750 2848 1876 2891 undi-

352 2933 437 2976 que
466 2918 679 2971 venirent,
727 2931 769 2962 et
801 2920 1008 2962 afferrent
1052 2921 1198 2963 omnia
1244 2921 1324 2963 tibi
1356 2921 1609 2972 necessaria,
1653 2919 1783 2962 etiam
1822 2919 1876 2962 ad

353 2999 523 3046 portam
552 3000 687 3034 tuam.
713 2990 784 3032 Sic
805 2990 921 3033 enim
958 2991 1177 3034 fecerunt²
1211 2991 1412 3034 homines
1449 2992 1581 3049 liujus
1615 3002 1727 3033 terre
1762 3001 1874 3032 tem-

403 3148 481 3185 VI.
512 3149 521 3170 ¹
539 3148 740 3196 Patrisque
761 3149 856 3185 add.
874 3150 917 3185 R.
941 3171 985 3177 —
1006 3151 1019 3172 ²
1036 3151 1129 3186 sicut
1152 3151 1322 3186 fecerunt
1338 3149 1369 3184 A
1394 3177 1399 3184 .
