2314 3736
5 168 28 220 ..ἃ
5 88 27 157 .4j‚“·.

1013 318 1252 360 —135—

370 421 446 454 tur
466 410 584 470 quod
622 423 896 468 precursores
926 407 1005 458 tui,
1045 408 1121 467 qui
1154 407 1337 451 veniunt
1368 407 1420 450 ad
1452 406 1775 466 providenciam
1815 405 1895 450 tibi

370 481 628 534 faciendam,
652 496 740 522 non
762 478 938 522 veniant
964 495 1015 522 ex
1042 490 1165 538 parte
1185 478 1283 532 Dei,
1307 478 1380 521 sed
1396 478 1575 521 diaboli.
1608 478 1678 521 Sic
1698 478 1816 521 enim
1832 489 1897 521 est

370 551 424 595 de
445 551 573 594 bonis
598 550 793 610 Angelis,
817 562 860 593 et
886 550 1025 592 malis.
1055 551 1198 593 Bonus
1219 550 1413 608 Angelus
1436 565 1486 591 ex
1515 565 1591 592 sua
1618 549 1784 592 visione
1814 561 1897 592 ter-

371 623 476 667 ritos
502 622 768 674 consolatur,
799 621 911 664 sicut
939 620 1115 663 Gabriel
1143 620 1442 679 Archangelus
1476 620 1634 663 missus
1668 621 1808 663 suerat
1842 621 1897 663 ad

370 694 595 754 Virginem
617 692 815 746 Mariam,
840 703 882 735 et
908 692 1076 735 dixerat
1101 708 1108 734 ε
1134 692 1225 734 Ave
1245 691 1399 743 Maria,
1420 691 1560 750 gracia
1575 692 1719 751 plena,
1744 691 1897 735 Domi-

371 782 454 809 nus
474 776 634 808 tecum.
661 765 759 819 Que
779 779 878 806 cum
906 763 1114 813 audisset,
1140 763 1312 805 turbata
1335 774 1399 805 est
1416 763 1460 805 in
1490 779 1690 805 sermone
1707 764 1816 821 ejus.
1844 763 1897 806 Et

370 848 475 880 tunc
509 835 703 894 Angelus
732 834 984 877 confortans
1005 850 1099 877 eam
1122 833 1233 876 dixit
1266 850 1274 876 :
1308 835 1371 876 Ne
1405 834 1558 876 timeas
1591 833 1743 887 Maria,
1774 833 1896 876 inve-

370 907 474 951 nisti
495 907 613 950 enim
634 906 820 966 graciam
851 906 968 965 apud
996 907 1156 948 Deum.
1206 906 1240 947 E
1267 905 1501 958 contrario,
1539 905 1679 948 malus
1700 904 1896 963 Angelus

370 995 414 1022 se
443 979 488 1021 in
519 978 627 1021 lucis
660 978 876 1037 Angelum
904 977 1236 1037 transfigurans,
1267 976 1302 1018 si
1330 992 1440 1035 quos
1480 993 1531 1018 ex
1571 976 1638 1019 sui
1679 975 1895 1035 presentia

370 1050 544 1094 territos
572 1049 772 1103 senserit,
802 1048 1006 1108 ampliori
1027 1060 1192 1092 terrore
1213 1063 1285 1090 eos
1312 1047 1522 1091 concutit.

428 1191 564 1239 VHl.
599 1194 731 1235 Recte
751 1191 1038 1235 consimiliter
1064 1202 1129 1234 est
1154 1191 1208 1233 de
1241 1190 1572 1250 precursoribus
1603 1190 1705 1233 tuis.
1742 1190 1896 1244 Quan-

369 1264 618 1323 documque
655 1263 899 1306 audiuntur
948 1278 1146 1306 rumores
1182 1262 1235 1304 de
1273 1262 1462 1304 adventu
1496 1272 1588 1315 tuo,
1636 1272 1679 1304 et
1719 1261 1898 1304 auditur

370 1352 509 1379 unum
536 1351 690 1386 cornu,
715 1333 1009 1377 contremiscit
1030 1334 1117 1376 fere
1145 1333 1331 1393 quilibet
1357 1333 1432 1392 qui
1460 1344 1525 1375 est
1562 1332 1605 1375 in
1629 1332 1745 1377 villa.
1777 1334 1896 1376 Post-

370 1407 550 1449 modum
572 1406 690 1449 venit
712 1422 939 1465 precursor
959 1417 1061 1448 tuus
1082 1405 1135 1448 ad
1156 1405 1302 1447 villam
1325 1415 1367 1446 et
1387 1420 1538 1446 omnes
1559 1403 1755 1447 videntes
1776 1420 1893 1458 eum,

370 1478 600 1521 tristantur
613 1489 655 1520 et
672 1487 978 1537 expavescunt.
1010 1478 1106 1519 Non
1129 1476 1233 1519 dicit
1255 1476 1339 1518 eis:
1366 1492 1420 1518 ne
1445 1474 1647 1519 timeatis.
1674 1475 1761 1517 Sed
1790 1475 1897 1518 dicit

369 1549 487 1608 quod
509 1549 603 1592 vult
624 1549 784 1591 habere
815 1564 1011 1602 avenam,
1050 1548 1216 1600 senum,
1247 1547 1423 1590 lituram
1458 1563 1537 1605 pro
1567 1546 1690 1605 equis
1723 1546 1893 1589 domini

368 1620 496 1679 regis,
521 1631 563 1663 et
589 1631 694 1663 tunc
715 1619 778 1662 illi
806 1636 1016 1679 pauperes
1043 1619 1097 1661 de
1114 1618 1215 1662 villa
1233 1618 1432 1676 ingenter
1459 1617 1688 1660 tristantur
1708 1628 1750 1660 et
1767 1633 1896 1676 expa-

369 1703 564 1745 vescunt,
596 1703 638 1734 et
667 1691 727 1734 sic
760 1691 896 1750 magis
929 1690 1155 1749 acmagis,
1189 1688 1299 1734 etc.¹
1330 1689 1615 1734 Postmodum
1643 1688 1762 1731 venit
1782 1688 1894 1732 alius

369 1763 520 1806 eodem
554 1763 701 1814 modo,
737 1774 780 1805 et
818 1762 924 1805 dicit
955 1762 1073 1820 quod
1110 1761 1204 1804 vult
1234 1761 1394 1803 habere
1431 1777 1573 1814 aucas,
1619 1760 1817 1819 gallinas,
1854 1771 1897 1803 et

370 1834 505 1877 multa
527 1833 624 1876 alia.
650 1833 821 1895 Deinde
842 1833 959 1876 venit
986 1832 1160 1883 tercius,
1191 1843 1234 1874 et
1266 1831 1357 1890 ipse
1384 1831 1477 1874 vult
1511 1831 1669 1874 habere
1700 1831 1895 1873 frumen-

371 1916 481 1957 tum,
513 1917 594 1950 etc.
701 1916 743 1947 et
765 1904 824 1947 sic
844 1903 996 1947 crescit
1016 1903 1210 1946 tristicia.
1237 1920 1266 1946 ιι
1286 1903 1339 1945 ad
1357 1902 1561 1946 Corintos
1579 1910 1646 1944 x0:
1671 1903 1768 1960 Ipse
1782 1906 1895 1945 enim

371 1977 567 2020 Satanas
595 1976 892 2035 transfiqurat
917 1991 963 2018 se
983 1978 1027 2017 in
1053 1974 1270 2034 Angelum
1297 1975 1420 2016 lueis.
1455 1974 1553 2018 Non
1580 1983 1644 2016 est
1679 1989 1781 2032 ergo
1813 1979 1894 2016 mi-

371 2064 485 2102 rum,
515 2051 555 2090 si
572 2051 763 2090 ministri
786 2050 883 2106 ejus
910 2047 1301 2104 transfigurentur,
1327 2046 1441 2089 velat
1480 2048 1670 2088 ministri
1695 2047 1890 2103 justicie.

367 2120 569 2178 Quorum
595 2120 701 2176 fi'nis
727 2125 810 2161 erit
829 2119 1061 2161 secandum
1089 2133 1224 2176 opera
1245 2121 1484 2176 ipsorum&
1517 2117 1572 2158 Et
1591 2132 1643 2158 ex
1670 2115 1751 2158 hoc
1784 2115 1894 2158 mihi

370 2190 557 2244 videtur,
576 2190 694 2249 quod
717 2189 970 2247 hujusmodi
991 2204 1263 2247 precursores
1279 2204 1367 2230 non
1390 2187 1572 2230 veniunt
1586 2204 1636 2229 ex
1656 2197 1777 2246 parte
1792 2186 1892 2239 Dei,

370 2261 445 2304 sed
464 2277 521 2303 ex
545 2272 667 2319 parte
687 2260 865 2304 diaboli.
891 2262 978 2303 Nec
1004 2260 1162 2302 habeas
1180 2275 1259 2318 pro
1281 2258 1395 2301 malo
1415 2258 1534 2316 quod
1561 2257 1662 2300 talia
1680 2257 1776 2300 dico
1794 2257 1890 2308 tibi,

366 2328 493 2391 juxta
519 2332 630 2375 illud
657 2332 702 2374 in
731 2332 936 2374 Galathas
958 2331 1123 2391 primo:
1148 2332 1199 2373 Si
1231 2330 1475 2373 hominibus
1495 2329 1716 2387 placerem
1747 2344 1895 2372 servus

372 2403 541 2447 Christi
558 2420 642 2446 non
669 2419 802 2446 essem
815 2401 844 2447 ⁶.
887 2403 1078 2446 Domine
1112 2401 1169 2444 mi
1203 2418 1292 2454 rex,
1330 2417 1447 2444 nunc
1478 2400 1602 2443 crede
1641 2399 1749 2442 mihi
1782 2399 1816 2442 si
1846 2410 1892 2442 tu

371 2474 500 2516 scires
544 2474 787 2533 periculum
825 2473 870 2516 in
912 2490 999 2532 quo
1045 2489 1163 2515 nunc
1213 2483 1259 2516 tu
1305 2488 1364 2523 es,
1413 2482 1591 2530 propter
1635 2470 1896 2513 multimoda

371 2545 577 2603 dampna,
607 2561 692 2603 que
718 2545 833 2588 fiunt
863 2544 1128 2603 pauperibus
1160 2543 1202 2585 in
1237 2543 1425 2586 adventu
1454 2554 1545 2594 tuo,
1583 2557 1671 2584 non
1699 2541 1896 2584 differres

372 2632 510 2674 usque
537 2615 580 2658 in
602 2615 841 2658 crastinum
863 2615 971 2674 quin
997 2614 1238 2657 remedium
1267 2613 1412 2656 statim
1445 2628 1686 2672 apponeres
1712 2602 1894 2670 oportu-

372 2703 492 2729 num.
532 2688 587 2728 Et
619 2686 862 2728 remedium
886 2686 1008 2728 facile
1041 2685 1120 2728 tibi
1148 2685 1289 2738 trado,
1314 2683 1528 2734 videlicet,
1564 2683 1681 2742 quod
1709 2682 1895 2741 quilibet

372 2757 503 2799 homo
526 2757 662 2816 possit
683 2773 773 2800 esse
795 2756 1000 2800 dominus
1018 2772 1162 2799 rerum
1180 2772 1371 2799 suarum.
1395 2754 1620 2807 Videlicet,
1644 2753 1764 2812 quod
1785 2752 1896 2795 nihil

373 2827 569 2886 capiatur
586 2839 734 2871 contra
758 2827 1027 2871 voluntatem
1049 2827 1327 2870 dominorum
1350 2841 1540 2885 quorum
1568 2835 1671 2867 sunt
1697 2825 1826 2867 bona.

420 2997 548 3036 VIII.
576 2998 588 3021 ¹
602 2998 675 3044 (sic
696 2998 818 3044 magis
840 3010 881 3032 ac
903 2997 1041 3044 magis)
1061 3009 1129 3032 om.
1155 2996 1218 3032 Ηῦ.

422 3127 458 3153 a.
488 3115 522 3150 11
544 3115 633 3150 Cor.
653 3116 718 3158 XI,
741 3116 798 3158 14,
822 3117 878 3154 15,
902 3136 944 3142 --
968 3115 1002 3150 b.
1024 3115 1145 3150 Galat.
1167 3115 1273 3156 1‚10.
