2444 3750
979 355 1191 396 -79-

385 484 447 527 Ea
469 479 629 543 igitur,
653 493 777 542 quae
803 476 848 521 in
877 491 964 522 suo
990 482 1192 521 tractatu
1217 481 1395 531 narrat,
1425 489 1535 520 cum
1557 472 1616 520 ad
1635 473 1848 520 veritatis

320 586 539 616 normam
571 565 871 632 perpendere
899 564 1125 629 potuerit,
1163 563 1200 609 si
1229 562 1343 609 falsa
1373 562 1592 628 protulit,
1624 561 1848 610 consulto

319 660 368 705 in
389 674 602 705 errorem
625 655 842 701 homines
870 652 1113 699 induxisse
1139 651 1483 699 existimandus
1509 660 1595 698 est.
1631 655 1702 709 At,
1733 651 1849 716 quid

321 755 425 795 erat
446 762 636 802 causae,
665 761 751 790 cur
770 743 834 789 sic
852 742 1057 806 egisset?
1074 744 1177 787 Non
1201 740 1306 788 ideo
1323 740 1429 803 jura
1452 741 1848 805 procurationum

321 835 634 900 impugnavit,
659 832 790 897 quod
812 831 1053 877 inimicitia
1081 838 1239 876 motus
1263 829 1406 876 fuerit
1430 830 1477 875 in
1499 847 1679 893 regem,
1704 847 1850 894 quem

321 923 528 981 amabat,
564 941 589 969 a
629 939 726 987 quo
766 920 914 967 multa
954 928 1002 966 et
1041 919 1243 965 maxima
1286 917 1523 965 beneficia
1565 927 1849 984 acceperat,

322 1011 406 1059 sed
434 1011 543 1076 quia
576 1009 938 1075 procurationes
975 1015 1023 1054 et
1048 1007 1200 1072 prisas
1226 1023 1336 1053 cum
1369 1006 1554 1071 populi,
1586 1015 1688 1053 tum
1727 1008 1852 1072 regis

321 1101 452 1148 bono
472 1108 616 1164 atque
637 1098 827 1145 utilitati
850 1114 1025 1144 nocere
1046 1095 1355 1160 intelligebat.

387 1192 486 1237 Nec
522 1188 724 1246 dicatur,
767 1188 1033 1245 Simonem,
1075 1194 1262 1232 rectum
1303 1185 1498 1250 quidem
1544 1186 1718 1243 virum,
1770 1184 1853 1232 sed

325 1295 484 1343 neque
511 1278 793 1342 sapientem,
829 1292 988 1340 neque
1021 1276 1093 1321 sui
1122 1283 1397 1339 compotem
1430 1273 1594 1333 fuisse,
1624 1291 1678 1321 ac
1706 1291 1854 1340 prop-

324 1376 452 1414 terea
469 1368 516 1412 in
538 1384 624 1413 suo
642 1365 803 1412 libello
816 1365 875 1412 de
897 1363 1058 1411 multis
1074 1363 1216 1411 rebus
1232 1363 1467 1428 indignari
1482 1365 1712 1428 potuisse,
1732 1380 1855 1428 quae

325 1473 488 1504 revera
530 1473 627 1502 non
672 1454 849 1501 fuerint
887 1452 1333 1518 reprehendendae.
1381 1456 1680 1500 Coaevorum
1726 1453 1855 1500 enim

318 1545 373 1593 ‘et
414 1545 759 1610 plerorumque
799 1552 1051 1590 auctorum
1101 1542 1394 1600 testimonio,
1440 1542 1669 1607 singulari
1711 1543 1856 1589 animi

326 1633 519 1692 robore,
546 1642 593 1680 et
615 1633 866 1680 severitate
893 1631 1188 1696 indulgentia
1216 1631 1426 1690 condita,
1458 1631 1703 1696 praeditus
1732 1640 1851 1679 erat.

326 1724 578 1781 Nimirum,
603 1739 700 1769 non
722 1722 853 1768 omni
874 1722 1104 1768 virtutum
1117 1737 1293 1784 genere
1313 1720 1555 1779 excelluit,
1578 1720 1661 1768 sed
1688 1720 1855 1767 volun-

326 1820 475 1859 tatem
501 1811 716 1859 exhibuit
743 1810 949 1869 firmam,
974 1810 1305 1874 judiciumque
1333 1810 1469 1857 valde
1497 1819 1700 1857 rectum.
1731 1814 1858 1858 Haec

328 1910 489 1948 autem
514 1900 749 1964 ejusmodi
770 1909 882 1947 sunt
915 1909 966 1948 ut
987 1898 1133 1946 fidem
1160 1899 1338 1946 dicenti
1371 1900 1543 1946 merito
1577 1899 1853 1947 concilient.

328 1985 472 2035 Proin
505 2002 616 2031 eum
655 1985 812 2049 ipsum
847 1982 943 2044 jam
976 1982 1225 2029 audiamus
1265 1983 1546 2047 loquentem
1579 1983 1639 2029 ad
1670 1982 1859 2030 Edwar-

328 2072 444 2120 dum
464 2077 529 2120 III
552 2074 598 2119 in
619 2073 819 2138 gratiam
839 2088 1098 2137 oppressae
1119 2072 1342 2119 nationis.
