2314 3736
1011 335 1251 378 —137—

425 428 491 475 X.
531 426 672 471 Credo
705 425 802 478 tibi,
833 424 967 484 gratia
995 423 1092 478 Dei,
1127 424 1247 482 quod
1279 435 1457 483 propter
1482 423 1699 467 orationes
1732 424 1896 468 multo-

364 516 480 553 rum,
511 497 630 557 quod
653 507 832 556 propter
853 495 1121 548 scandalum,
1152 495 1271 554 quod
1295 506 1473 554 propter
1499 495 1759 554 obloquium
1776 494 1787 516 ¹
1815 511 1896 554 po-

364 570 475 630 puli,
511 568 632 628 quod
674 578 853 627 propter
886 565 1110 608 infamiam
1152 566 1285 624 hujus
1318 577 1445 617 terre,
1494 577 1537 608 et
1569 566 1688 625 quod
1718 577 1898 626 propter

365 652 484 684 tuam
507 638 825 690 innocenciam,
857 637 957 696 quia
987 648 1036 679 ut
1055 637 1346 679 communiter
1366 637 1542 688 dicitur,
1573 637 1746 680 ductilis
1778 654 1821 680 es
1843 637 1897 680 ad

364 713 532 754 bonum
560 727 570 764 ;
619 725 696 769 per
743 720 785 751 te
834 709 1012 751 tolletur
1067 707 1177 750 illud
1225 708 1506 751 maledictum
1555 708 1895 768 prerogativuni,

365 781 552 825 maxime
581 797 679 823 cum
717 779 853 839 gratia
884 779 981 823 Dei.
1021 778 1164 822 Prima
1200 779 1253 821 ad
1288 779 1604 822 Thimotheum
1626 796 1666 822 1:
1704 781 1898 839 Supera-

362 854 568 896 bundavit
593 862 750 905 autem,
775 861 816 894 et
831 857 982 909 gralia.
1011 852 1186 893 Domini
1208 854 1351 893 nostri
1369 866 1463 893 cum
1488 851 1578 908 fide
1604 861 1644 893 et
1672 852 1899 894 dilectione

365 941 448 985 que
465 934 527 966 est
553 927 597 966 in
621 924 793 965 Christo
813 923 918 965 Jesu
935 927 968 965 a.
1000 923 1055 964 Et
1075 937 1153 980 ego
1183 921 1280 963 dico
1311 921 1390 963 tibi
1411 938 1553 964 coram
1575 923 1684 971 Deo,
1716 922 1833 982 quod
1862 923 1896 965 si

364 996 446 1038 hoc
469 994 633 1048 feceris,
665 995 806 1051 majus
834 992 1040 1035 meritum
1069 1004 1278 1035 accrescet
1305 992 1383 1035 tibi
1418 1009 1550 1051 quam
1578 993 1613 1036 si
1649 993 1893 1052 acquireres

366 1066 513 1109 omnia
536 1082 666 1124 regna
690 1064 860 1117 mundi,
887 1066 1004 1106 Deus
1025 1063 1146 1106 novit
1166 1063 1267 1122 quia
1290 1080 1377 1106 non
1401 1064 1609 1117 mencior,
1640 1076 1683 1107 et
1708 1064 1809 1123 quia
1837 1064 1897 1107 sic

364 1148 538 1196 oportet
560 1148 600 1179 te
630 1137 764 1179 facere
785 1136 819 1178 si
847 1135 950 1177 velis
972 1137 1065 1177 Deo
1090 1134 1383 1194 omnipotenti
1401 1135 1582 1194 placere.
1602 1137 1729 1178 Juxta
1752 1135 1894 1178 illud'1

364 1209 519 1251 Thess.
560 1224 622 1250 1v:
660 1209 748 1249 Hec
782 1218 843 1249 est
879 1208 1081 1250 voluntas
1112 1207 1196 1248 Dei
1226 1207 1524 1263 sanctificae-io
1559 1217 1717 1250 vestra.
1755 1208 1809 1249 Et
1836 1223 1896 1249 sc-

363 1279 537 1339 quitur:
563 1295 615 1321 ne
642 1283 739 1338 quis
761 1279 1139 1337 supergrediatur,
1172 1277 1333 1319 scilicet
1355 1294 1432 1336 per
1458 1278 1898 1337 violenciam‚,neque

1345 1346 1373 1402 ὁ,
1415 1348 1527 1391 sicut
1567 1349 1733 1391 faciunt
1766 1349 1895 1391 multi

364 1354 674 1394 circumveniat
709 1353 753 1392 in
786 1353 959 1408 negocio
988 1350 1173 1408 fratrem
1209 1365 1330 1391 suum

363 1421 609 1480 provisores
650 1433 723 1463 tue
754 1421 889 1463 curie.
933 1421 988 1462 Et
1021 1420 1246 1478 sequitur:
1293 1422 1518 1478 Rogamus
1543 1437 1614 1463 vos
1648 1422 1818 1479 fratres
1851 1430 1897 1462 ut

361 1493 593 1535 ambuletis
615 1494 675 1534 ad
693 1508 763 1535 eos
778 1495 856 1552 qni
868 1493 981 1551 foris
1000 1502 1115 1545 sunt,
1141 1502 1181 1533 et
1197 1490 1382 1533 ηιιίΙιίιε2
1402 1493 1572 1550 aliquid
1589 1492 1894 1545 desideretis⁰5

360 1563 522 1606 scilicet
550 1580 625 1622 per
650 1563 951 1622 cupiditatem.
983 1563 1064 1605 Sed
1096 1562 1339 1621 provisores
1367 1573 1440 1604 tue
1466 1562 1585 1604 curie
1612 1562 1749 1605 multa
1778 1562 1892 1605 desi-

362 1634 516 1677 derant
542 1645 692 1677 contra
726 1635 992 1677 voluntatem
1016 1634 1314 1686 dominorum,
1340 1645 1383 1676 et
1410 1633 1507 1676 ideo
1534 1633 1568 1676 si
1598 1633 1658 1675 vis
1679 1635 1772 1676 Deo
1799 1633 1892 1693 pla-

361 1721 472 1759 cere,
520 1717 692 1764 oportet
735 1706 854 1764 quod
902 1705 1002 1748 talia
1052 1705 1339 1764 corrigantur.
1388 1706 1426 1747 O
1466 1704 1656 1747 Domine
1702 1705 1759 1747 mi
1798 1721 1889 1757 rex,

363 1776 532 1819 utinam
573 1792 742 1835 saperes
782 1788 824 1818 et
857 1776 1137 1836 intelligeres,
1172 1792 1220 1818 ac
1252 1776 1484 1819 novissima
1516 1776 1778 1835 provideres.
1813 1777 1893 1819 Sa-

366 1863 503 1906 peres,
527 1847 571 1890 id
591 1859 654 1890 est
682 1847 724 1889 in
754 1859 899 1890 mente
921 1847 1100 1890 haberes
1128 1847 1259 1890 vitam
1282 1847 1429 1890 Sancti
1457 1847 1659 1890 Edwardi
1687 1858 1730 1890 et
1759 1847 1889 1890 finem

362 1919 472 1975 ejus,
503 1928 545 1959 et
571 1917 851 1976 intelligeres,
890 1917 933 1959 id
966 1929 1030 1960 est
1064 1917 1217 1959 intime
1245 1917 1453 1977 cogitares
1493 1918 1624 1960 vitam
1657 1917 1791 1976 patris
1828 1917 1892 1960 tui

362 1999 404 2030 et
426 1987 558 2030 finem
581 1990 693 2046 ejus,
724 2004 772 2030 ac
800 1988 1034 2031 novissima
1056 1988 1321 2047 provideres,
1348 1988 1524 2041 scilicet,
1551 2000 1736 2031 mortem
1771 2000 1891 2031 tuam

363 2058 572 2102 suturam.
599 2059 684 2101 Sed
707 2059 846 2101 nescis
868 2058 1097 2118 qualiter³.
1129 2061 1213 2102 Pro
1233 2070 1349 2102 certo
1365 2060 1496 2102 vitam
1521 2060 1667 2102 Sancti
1690 2058 1893 2102 Edwardi

362 2129 539 2187 eligeres
566 2130 618 2172 ad
641 2129 920 2182 imitandum,
954 2130 997 2172 in
1016 2133 1142 2189 cujus
1163 2131 1352 2173 adventu
1375 2142 1491 2173 totus
1519 2131 1710 2190 populus
1736 2130 1892 2190 gaude-

362 2200 451 2252 bat,
497 2200 764 2259 ubicumque
795 2212 972 2243 venerat
1006 2201 1051 2243 in
1091 2213 1205 2244 terra
1244 2217 1349 2255 sua3
1392 2213 1435 2244 et
1472 2202 1603 2245 vitam
1650 2201 1782 2260 patris
1827 2200 1892 2243 tui

361 2269 619 2323 dimitteres,
654 2271 698 2314 in
732 2273 858 2329 cujus
891 2272 1080 2314 adventu
1115 2283 1231 2315 totus
1262 2273 1452 2331 populus
1489 2271 1785 2315 communiter
1819 2271 1891 2314 tri-

363 2341 576 2384 stabatur.
608 2341 664 2383 Et
685 2341 757 2383 illa
777 2341 957 2384 tristicia
983 2342 1126 2384 adhuc
1146 2342 1276 2384 durat
1296 2342 1341 2384 in
1362 2342 1550 2385 adventu
1579 2353 1670 2385 tuo.
1706 2342 1791 2384 Sed
1819 2341 1890 2384 illa

362 2410 557 2463 tristicia,
599 2413 692 2454 Deo
726 2412 873 2466 dante,
911 2428 988 2471 per
1020 2424 1061 2455 te
1095 2413 1288 2456 tolletur.
1325 2415 1379 2455 Et
1412 2413 1473 2456 sic
1499 2412 1679 2456 tristicia
1711 2412 1755 2455 in
1789 2429 1890 2471 gau·

361 2481 483 2524 dium
516 2494 806 2526 convertetur.
839 2484 895 2526 Et
920 2494 1026 2526 tunc
1053 2483 1097 2526 in
1124 2484 1368 2543 Anglorum
1395 2484 1578 2543 populo,
1616 2500 1770 2543 magna
1806 2483 1888 2526 erit

356 2553 628 2610 jucunditas,
659 2570 812 2613 magna
841 2554 955 2613 pacis
982 2555 1431 2614 constancia‚'magna
1462 2571 1606 2598 rerum
1640 2554 1884 2614 opulencia‚

362 2623 472 2666 sicut
507 2624 647 2666 suerat
682 2635 878 2683 tempore
913 2625 1059 2668 Sancti
1091 2625 1310 2679 Edwardi,
1340 2626 1416 2685 qui
1453 2626 1620 2669 cunctis
1656 2637 1747 2668 erat
1781 2625 1887 2668 affa-

360 2693 477 2748 bilis,
501 2694 696 2738 castitate
716 2695 963 2750 laudabilis,
995 2696 1101 2739 facie
1121 2697 1302 2740 decorus
1330 2708 1372 2740 et
1399 2697 1564 2751 hilaris,
1589 2708 1631 2740 et
1651 2696 1886 2756 prudencia

361 2765 709 2823 probatissimus,
734 2766 845 2809 sicut
871 2778 917 2810 tu
940 2784 999 2812 es,

407 3011 460 3048 X.
490 3013 762 3059 1opprobrium
784 3015 827 3048 R.
848 3035 893 3041 --
908 3015 977 3050 2Εἰ
997 3016 1125 3050 nullus
1143 3016 1286 3063 aliquid
1309 3017 1513 3051 desideret.
1531 3017 1575 3050 R.
1593 3038 1636 3043 —
1651 3016 1824 3064 3qualem
1839 3018 1883 3052 R.

408 3142 444 3164 a.
466 3130 592 3165 ITim.
616 3131 680 3174 IV,
706 3134 738 3167 3.
758 3152 804 3159 —
826 3133 860 3167 b.
885 3134 1056 3169 IThess.
1078 3134 1142 3176 IV,
1167 3136 1199 3177 3,
1224 3137 1257 3172 6.
1284 3155 1322 3162 -
1343 3148 1372 3170 c.
1397 3135 1413 3168 1
1434 3135 1569 3170 Thess.
1593 3136 1622 3178 1,
1647 3137 1703 3177 10,
1729 3138 1785 3171 11.
