2444 3750
958 334 1167 375 ‚51-

300 479 322 504 «
346 457 467 505 facta
487 457 870 522 computacione‚
887 471 984 501 non
1000 453 1251 501 solvebant
1266 453 1571 500 medietatem
1593 469 1822 517 expensa-

293 565 402 594 rum
423 567 444 591 »
460 585 470 594 .
496 547 614 607 Quis
634 554 795 592 autem
816 553 1058 591 aratorum
1079 551 1127 590 et
1147 542 1463 607 agricolarum
1490 560 1586 588 non
1616 543 1823 588 maximo

294 654 344 683 se
369 635 593 683 affectum
619 633 853 682 beneficio
879 631 1196 690 existimabat,
1225 649 1336 678 cum
1363 631 1607 678 dimidiam
1635 640 1820 696 partem

288 725 403 788 justi
429 725 585 790 pretii,
614 732 698 771 aut
717 724 857 770 etiam
879 721 1058 786 aliquid
1082 722 1258 779 minus,
1288 722 1576 785 acceperat?
1602 721 1824 767 Maximis

291 813 470 860 scilicet
507 812 668 876 gratiis
709 809 1129 876 prosequebantur
1166 809 1301 855 illum
1331 817 1603 856 exactorem
1642 808 1822 855 hones—

290 910 413 960 tum,
441 901 725 958 humanum,
753 920 775 944 «
799 899 1049 946 curialem¹
1074 918 1117 946 ».

354 989 496 1037 Multi
536 990 666 1037 enim
713 989 790 1035 alii
822 997 979 1046 erant,
1017 989 1100 1052 qui
1140 1005 1238 1034 non
1278 995 1465 1034 tantum
1501 986 1817 1045 frumentum,

289 1097 483 1146 panem,
531 1095 751 1137 avenam,
793 1078 1060 1135 cervisiam,
1108 1076 1321 1141 gallinas,
1371 1076 1454 1123 sed
1498 1077 1640 1123 etiam
1686 1094 1816 1134 oves,
1850 1123 1854 1126 ,

288 1186 473 1227 vaccas,
508 1168 671 1226 boves,
708 1184 879 1232 porcos
905 1184 1051 1231 quam
1077 1167 1281 1213 maxime
1312 1167 1513 1231 pingues
1540 1174 1587 1213 et
1620 1165 1817 1223 nitidos,

290 1257 420 1304 nulla
450 1258 606 1305 soluta
638 1257 860 1322 pecunia,
890 1255 1177 1321 exigerenff.
1216 1256 1344 1315 Quin
1374 1256 1538 1313 imm0,
1579 1274 1600 1301 (ι
1631 1256 1819 1320 garcio-

290 1364 406 1394 num
435 1365 456 1391 »
490 1347 790 1411 aliorumque
817 1346 939 1410 regis
967 1362 1215 1393 servorum
1243 1344 1426 1407 injuriis
1446 1345 1685 1408 exagitati,
1717 1362 1817 1391 ara-

288 1437 442 1484 tiones
463 1435 657 1501 plurimi
683 1434 918 1500 agriColae
943 1435 1257 1499 reliquerant,
1288 1451 1378 1481 nec
1403 1433 1590 1498 glebam
1623 1434 1817 1498 quidem

288 1524 335 1570 in
357 1541 470 1589 agro
490 1522 872 1570 commovebant.
899 1523 974 1570 Sic
995 1523 1136 1586 igitur
1157 1521 1356 1569 affectae
1385 1521 1671 1568 videbantur
1697 1522 1814 1568 mul-

286 1622 363 1660 tae
398 1612 592 1678 Angliae
629 1613 866 1676 regioneS,
912 1621 962 1659 ut
1015 1611 1104 1659 hae
1144 1620 1298 1658 terrae
1343 1610 1500 1658 solent
1549 1612 1598 1657 in
1644 1611 1817 1676 quibus

285 1701 465 1750 bellum
494 1700 719 1749 acerbum
740 1701 1120 1766 diuturnumque
1146 1710 1388 1748 versatum
1416 1709 1504 1748 est.
1537 1703 1669 1761 Quos
1701 1700 1814 1747 olim

285 1808 480 1856 campos
497 1800 637 1838 antea
658 1800 890 1856 prataque
907 1790 1183 1837 nitidissima
1203 1789 1576 1855 viridissimaque
1598 1790 1811 1848 vidisseS,

284 1880 404 1928 haec
436 1881 498 1928 ita
526 1889 703 1928 vastata
733 1897 864 1927 nunc
898 1897 953 1927 ac
985 1879 1173 1927 deserta
1205 1879 1506 1945 squalebant,
1546 1888 1597 1926 ut
1632 1888 1814 1927 tantam

280 1968 503 2033 jugerum
541 1969 898 2016 multitudinem
950 1986 1223 2034 quaereres.
1282 1968 1636 2016 Labefactatam
1685 1970 1813 2016 enim

283 2076 386 2106 rem
423 2058 734 2106 domesticam
769 2067 1011 2105 aratorum
1039 2059 1178 2105 annis
1206 2057 1374 2116 malis3
1415 2067 1664 2106 exactores
1697 2059 1812 2122 regii

283 2147 498 2195 funditus
522 2147 818 2194 evertebant.
855 2148 1045 2212 Quippe
1081 2149 1163 2212 qui
1191 2165 1353 2195 servos
1384 2157 1432 2195 et
1459 2165 1610 2213 equos
1645 2149 1811 2195 aratio-

284 2235 424 2282 nibus
442 2235 627 2283 deditos
645 2237 947 2300 requirerent
960 2245 1007 2283 et
1022 2236 1186 2301 plures
1207 2236 1307 2283 dies
1325 2236 1453 2301 apud
1472 2254 1521 2284 se
1537 2246 1809 2295 servarent,

282 2324 508 2372 exhibitio
532 2344 552 2369 «
572 2324 770 2371 cedulae
786 2325 997 2389 signatae
1013 2325 1223 2389 quodam
1241 2325 1395 2390 sigillo
1415 2327 1625 2389 ignoto³,
1643 2325 1812 2372 saltem

282 2413 373 2460 illis
397 2413 457 2460 de
477 2413 701 2478 parochia
728 2433 776 2472 ›>,
800 2414 895 2460 vim
921 2413 1177 2461 adhibebat
1202 2415 1429 2479 pactioni,
1461 2433 1555 2461 non
1584 2415 1810 2462 volunta-

282 2511 397 2549 tem.
412 2505 727 2567 Quamquam
756 2503 834 2549 illa
858 2502 946 2550 fuit
961 2502 1020 2549 ad
1041 2502 1348 2550 afflictionem
1363 2504 1700 2568 agricolarum,
1718 2506 1809 2551 sin-

282 2591 433 2655 gulari
465 2592 675 2655 nequitia
697 2600 886 2656 reperta
915 2593 1052 2651 ratio,
1080 2592 1210 2656 quod
1237 2593 1439 2639 ministri
1462 2594 1576 2657 regii
1603 2592 1808 2658 expelle-

339 2784 373 2819 1.
405 2784 438 2818 A
461 2782 481 2831 ἓ
501 2783 567 2819 27.

335 2841 372 2878 2.
407 2844 435 2877 A
457 2841 477 2889 ξ
503 2843 563 2878 14.
585 2862 635 2869 -
657 2846 734 2879 Rot.
760 2845 885 2889 Parl.‚
909 2850 935 2882 t.
963 2844 1012 2887 ΙΙ,
1038 2857 1076 2894 p.
1103 2845 1192 2883 168.
1227 2846 1280 2893 Qe
1310 2858 1416 2883 come
1434 2844 1487 2883 les
1507 2857 1666 2883 aveners
1682 2852 1808 2883 nostre

283 2898 436 2948 seignur
450 2898 483 2937 le
498 2899 585 2943 Roi,
604 2899 637 2937 la
658 2900 819 2950 Roigne,
835 2909 871 2938 et
885 2901 919 2939 le
931 2902 1077 2950 Prince‚
1099 2904 1348 2941 severalment
1365 2904 1592 2954 viegnent...
1611 2912 1647 2942 et
1659 2912 1811 2943 asseont

283 2956 373 2994 d’an
389 2971 436 2994 en
455 2970 504 2995 an
525 2959 578 2996 les
598 2958 706 2997 villes
725 2972 773 2997 en
789 2961 972 2998 severalte
995 2974 1016 2998 a
1037 2961 1072 2998 la
1093 2961 1196 3005 foitz,
1220 2975 1265 3000 en
1287 2978 1313 3001 x
1335 2971 1508 3013 quarters
1531 2965 1599 3001 des
1625 2976 1805 3013 aveynes,

283 3024 320 3053 et
339 3029 385 3053 en
406 3016 490 3067 plus
509 3025 545 3054 et
576 3031 597 3054 a
618 3031 748 3067 meyns
767 3033 788 3056 a
817 3019 902 3056 lour
921 3019 1128 3067 volenteez‚
1157 3028 1194 3058 et
1214 3021 1267 3059 les
1294 3022 1373 3059 font
1396 3022 1517 3059 carier
1546 3035 1596 3059 ou
1623 3036 1697 3073 que
1725 3023 1810 3060 lour

284 3075 422 3125 plerra,
442 3089 557 3113 saunz
578 3076 660 3114 rien
681 3078 836 3128 paier...

340 3135 376 3175 3.
408 3135 562 3184 A§20.
