2444 3750
1018 382 1229 423 —37-

429 502 497 544 18.
522 502 586 544 Ne
615 500 963 543 constabularius
983 500 1049 542 vel
1070 499 1181 542 alius
1208 498 1393 541 ballivus
1414 497 1556 556 capiat
1574 497 1698 539 blada
1723 497 1785 538 vel
1806 497 1887 539 alia

362 572 530 624 catalla,
555 571 639 614 nisi
662 571 807 614 statim
837 570 1037 613 denarios
1053 571 1155 612 inde
1176 569 1343 622 reddat,
1359 568 1441 611 nisi
1464 576 1708 627 respectum
1728 567 1889 611 habere

362 643 497 702 possit
516 643 570 685 de
589 643 813 685 voluntate
832 641 1109 684 venditoris¹.

422 715 493 758 20.
524 715 587 757 Ne
616 713 865 764 vicecomes,
898 713 964 755 vel
999 712 1183 755 ballivus
1210 711 1338 770 regis,
1379 711 1444 752 vel
1475 710 1632 768 aliquis
1674 710 1783 752 alius
1815 726 1887 753 ca-

360 784 452 844 piat
484 800 633 843 equos,
670 783 735 826 vel
774 794 954 826 carettas
989 783 1173 841 alicujus
1203 782 1328 825 liberi
1350 781 1555 833 hominis,
1587 797 1665 839 pro
1701 781 1886 840 cariagio

364 855 579 908 faciende,
603 854 686 897 nisi
708 871 759 896 ex
786 854 1009 896 voluntate
1029 852 1202 912 ipsius².

423 926 493 969 21.
524 925 588 968 Ne
625 941 699 967 rex
735 925 799 967 vel
838 924 1023 967 ballivus
1061 941 1166 967 suus
1205 924 1345 983 capiat
1389 923 1580 966 alienum
1614 924 1791 965 boscum
1832 923 1885 965 ad

359 1005 496 1040 castra
522 996 588 1039 vel
609 996 663 1039 ad
684 996 765 1039 alia
792 996 955 1054 agenda
983 1011 1076 1050 sua,
1107 995 1189 1038 nisi
1211 1011 1288 1054 per
1308 995 1578 1038 voluntatem
1605 993 1741 1053 ipsius
1761 996 1886 1052 cujus

358 1067 431 1111 ille
450 1067 620 1112 fuerit³.

423 1214 552 1258 Haec
593 1218 755 1257 autem
787 1209 980 1257 decreta
1019 1210 1208 1275 saepius
1240 1210 1370 1256 irrita
1406 1218 1454 1256 et
1490 1225 1609 1255 vana
1649 1208 1886 1272 languisse

357 1299 601 1358 videntur,
643 1298 878 1364 siquidem
909 1298 1077 1346 iisdem
1109 1298 1208 1346 fere
1242 1297 1398 1345 verbis
1430 1314 1514 1345 rex
1547 1298 1784 1345 Henricus
1821 1301 1886 1343 III

357 1387 437 1436 illa
465 1387 662 1435 sanxit⁴.

423 1481 575 1524 Immo
595 1476 721 1524 idem
748 1493 851 1535 rex,
881 1493 1158 1542 quanquam
1185 1477 1233 1522 in
1253 1479 1407 1523 Carta
1429 1477 1492 1523 de
1518 1480 1722 1523 Foresta
1739 1476 1753 1498 ⁶
1779 1492 1886 1541 pro-

355 1565 510 1613 hibuit
536 1583 596 1612 ne
626 1574 981 1631 procuratores,
1015 1564 1184 1630 garbas
1211 1565 1285 1612 vel
1316 1582 1536 1624 avenam,
1577 1565 1653 1612 vel
1686 1564 1883 1612 bladum

357 1655 504 1713 aliud,
534 1654 610 1702 vel
635 1672 784 1720 agnos
811 1654 886 1701 vel
904 1654 1145 1720 porcellos
1166 1655 1430 1719 exigerent,
1455 1655 1545 1701 nisi
1575 1674 1596 1698 «
1620 1671 1706 1719 per
1732 1655 1884 1701 visum

357 1753 405 1792 et
424 1752 778 1791 sacramentum
801 1763 822 1787 »
847 1743 1106 1791 duodecim
1124 1744 1335 1803 testium,
1359 1761 1524 1790 ansam
1546 1752 1707 1790 tamen
1728 1743 1881 1808 direp-

355 1832 564 1880 tionibus
585 1834 686 1898 ipse
706 1832 944 1898 praebuit,
967 1833 1141 1879 mirum
1163 1833 1292 1879 enim
1315 1849 1459 1897 quam
1479 1832 1672 1879 crebras
1697 1853 1717 1876 «
1744 1836 1880 1879 Com-

355 1922 606 1968 missiones
636 1941 657 1965 »
693 1920 1050 1969 vicecomitibus
1076 1930 1124 1969 et
1157 1920 1344 1968 ballivis
1383 1921 1639 1980 mitteret⁶,
1670 1930 1722 1968 ut
1748 1938 1878 1979 oves,

355 2010 572 2075 gallinas,
596 2027 703 2068 ova,
734 2010 820 2068 sal,
844 2010 996 2075 pelles
1017 2011 1249 2075 pretiosas
1276 2010 1574 2074 colligerent,
1599 2019 1647 2057 et
1673 2009 1881 2057 castellis

355 2099 510 2163 regiis,
541 2116 686 2163 grana
709 2116 882 2164 resque
903 2108 1085 2147 ceteras
1106 2099 1166 2146 ad
1193 2100 1368 2147 victum
1389 2100 1686 2164 pertinentes
1708 2098 1881 2146 submi-

408 2292 443 2330 1.
475 2291 610 2329 Matth.
635 2291 871 2339 Parisiensis‚
898 2292 1082 2329 Chronica
1102 2292 1250 2339 Major,
1275 2299 1300 2331 t.
1325 2293 1376 2339 II,
1400 2305 1438 2344 p.
1465 2294 1554 2332 595.
1575 2314 1626 2321 —
1647 2292 1820 2329 charters
1840 2289 1887 2341 of

354 2350 557 2393 Liberties,
581 2359 729 2388 statuta
752 2353 882 2402 Regni,
906 2359 932 2390 t.
957 2353 989 2394 Ι,
1012 2365 1052 2402 p.
1076 2353 1138 2390 11.

406 2411 444 2447 2.
477 2410 611 2448 Matth.
636 2411 872 2457 parisiensis,
897 2414 966 2448 loc.
989 2413 1055 2448 cit.
1077 2432 1129 2439 —
1149 2415 1307 2448 Statnta
1333 2413 1466 2462 Regni,
1491 2412 1562 2450 loc.
1587 2411 1652 2448 cit.

407 2471 441 2507 3.
476 2469 609 2509 Matth.
635 2469 867 2515 parisiensis,
892 2473 961 2507 loc.
985 2471 1051 2508 cit.
1077 2492 1129 2498 --
1151 2475 1308 2507 Statura
1330 2472 1463 2520 Regni,
1488 2471 1560 2508 loc.
1585 2470 1650 2508 cit.

407 2529 444 2573 4„
477 2528 610 2566 Matth.
632 2528 867 2574 Parisiensis,
894 2530 1077 2566 Chronica
1098 2530 1244 2576 Major,
1263 2536 1290 2567 t.
1306 2531 1378 2577 ΙΙΙ,
1401 2543 1440 2580 p.
1462 2532 1525 2568 92.
1546 2552 1597 2558 —
1622 2534 1780 2566 statuta
1802 2534 1871 2567 Re-

354 2588 437 2637 gni,
460 2594 488 2624 t.
512 2588 544 2634 1,
567 2600 604 2638 p.
632 2590 694 2626 15.

411 2648 447 2684 5.
479 2645 856 2697 HenriciKnyghton
870 2649 1087 2698 chronicon,
1106 2662 1145 2699 p,
1167 2649 1314 2686 209.-
1332 2652 1488 2685 Statura
1503 2649 1635 2698 Regni,
1654 2655 1678 2685 t.
1701 2649 1731 2695 I,
1750 2661 1788 2697 p.
1808 2648 1873 2685 20.

407 2706 444 2743 6.
478 2709 600 2752 Royal
623 2706 706 2742 and
739 2707 844 2743 other
869 2708 1071 2746 historic-al
1095 2711 1239 2755 letters,
1277 2708 1510 2744 illustrative
1541 2704 1588 2756 of
1612 2708 1672 2743 tlte
1696 2708 1806 2756 reign
1836 2703 1883 2754 ⁰f

353 2767 483 2811 Henry
503 2768 573 2811 III,
598 2772 751 2802 auctore
774 2767 835 2803 W.
861 2766 1024 2816 Shirley,
1048 2775 1073 2805 t.
1101 2769 1129 2810 l,
1156 2780 1221 2818 pp.
1248 2767 1338 2813 357,
1368 2767 1440 2803 403
1462 2782 1469 2811 ;
1493 2773 1522 2803 t.
1547 2767 1598 2813 ΙΙ,
1623 2779 1689 2816 pp.
1719 2764 1783 2810 66,
1808 2767 1873 2810 91,

353 2823 443 2861 338.

407 2884 443 2918 7.
476 2882 611 2919 Matth.
639 2882 878 2931 parisiensis,
905 2885 1089 2922 Chronica
1111 2884 1256 2932 Major,
1280 2892 1304 2921 t.
1324 2886 1370 2929 V,
1394 2897 1433 2935 p.
1456 2886 1503 2923 49
1523 2897 1530 2919 :
1556 2883 1690 2935 Coepit
1700 2891 1790 2921 tunc
1804 2884 1875 2921 de-

351 2952 451 2977 mum
492 2939 625 2993 (1249)
675 2941 876 2990 vigilanter
922 2943 1139 2992 excogitare
1185 2943 1348 2994 qualiter
1400 2943 1671 2980 inexhaustum
1715 2941 1875 2991 Angliae

350 3006 507 3048 puteum
527 3007 652 3049 posset
671 3000 822 3050 penitus
841 3002 1101 3040 dessiccare...
1126 3002 1321 3040 Sustinens
1340 3002 1455 3046 enim,
1483 3010 1523 3038 ut
1543 3002 1781 3052 praedictum
1802 3008 1869 3049 est,

347 3055 489 3108 justam
509 3058 557 3095 ab
586 3058 832 3097 universitate
862 3068 1078 3110 magnatum
1099 3061 1258 3111 Angliae
1282 3061 1485 3112 repulsam,
1515 3074 1561 3098 ne
1585 3060 1748 3111 amplius
1775 3061 1873 3097 bona

352 3128 420 3153 sua
443 3115 482 3153 in
503 3116 611 3166 regni
631 3118 892 3156 confusionem
913 3118 1164 3166 effunderent,
1188 3120 1335 3158 studuit
1351 3119 1555 3165 subtiliter,
1578 3132 1647 3172 per
1666 3119 1739 3157 alia
1758 3131 1874 3170 argu-

353 3182 477 3213 menta
496 3174 676 3214 avaritiae
695 3189 786 3215 suae
806 3177 964 3215 vitulam
981 3177 1185 3217 inebriare.
