2314 3736
223 3174 257 3209 Φ

977 356 1216 398 -167-

331 445 476 505 ipsum
495 460 639 504 regem
666 444 817 488 timere
837 446 981 489 Deum
1008 446 1224 488 excelsum
1251 455 1294 487 et
1325 444 1571 502 subjectum
1603 441 1751 485 divine
1781 444 1860 500 'po-

330 516 485 560 tencie.
510 518 638 559 Tunc
664 517 780 560 enim
816 516 957 559 solent
989 517 1187 559 homines
1222 515 1407 559 revereri
1439 525 1482 557 et
1514 514 1664 557 timere
1694 528 1853 571 regem,

328 587 506 647 quando
527 587 679 630 vident
698 604 814 641 eum,
845 599 888 630 et
914 588 1066 630 timere
1086 599 1129 631 et
1149 588 1334 630 revereri
1361 588 1519 629 Deum.
1555 585 1602 628 Si
1627 595 1771 627 autem
1808 583 1855 627 in

326 658 601 717 apparencia‚
626 658 828 701 ostendat
860 675 905 701 se
938 659 1106 717 legibus
1139 659 1453 717 obtemperare,
1489 667 1531 699 et
1551 657 1596 699 in
1629 656 1851 714 operibus,

327 729 385 772 sit
403 728 668 781 malefactor,
704 745 804 772 cum
836 729 1011 772 difficile
1049 730 1105 772 sit
1134 729 1297 772 nefaria
1327 743 1458 788 opera
1484 728 1629 779 celari,
1662 737 1705 769 et
1723 726 1855 785 apud

326 800 542 859 populum
562 801 769 860 ignorari,
799 816 823 843 a
843 802 937 843 Deo
968 801 1290 859 reprobabitur,
1321 811 1361 843 et
1388 801 1443 842 ab
1470 798 1722 842 hominibus
1753 813 1852 840 con·

328 881 566 924 temnetur,
607 871 900 914 infatuabitur
931 873 1026 930 ejus
1057 872 1233 923 factum,
1279 872 1551 914 diminuetur
1586 871 1680 928 ejus
1720 869 1853 927 impe·

327 941 457 994 rium,
479 942 677 985 diadema
703 942 839 1001 glorie
860 959 937 986 sue
962 943 1126 986 carebit
1146 943 1327 986 honore.
1354 944 1408 984 Et
1425 942 1539 993 ideo,
1563 940 1740 983 domine
1759 956 1851 995 rex,

330 1028 430 1056 cave
450 1013 532 1056 tibi
551 1024 594 1056 et
619 1014 815 1072 provide,
840 1030 894 1056 ne
919 1014 1018 1073 quis
1033 1014 1174 1073 capiat
1193 1015 1307 1057 bona
1334 1014 1518 1057 aliorum
1543 1022 1855 1055 contraeorum

267 1110 272 1115 ·
325 1082 612 1137 voluntatem,
637 1098 736 1128 cum
764 1084 844 1128 hoc
864 1084 920 1128 sit
945 1095 1094 1128 contra
1113 1084 1264 1146 legalia
1285 1083 1501 1129 instituta.

597 1436 941 1483 CAPITULUM
976 1436 1568 1492 QUARTUMDECIMUM.

381 1652 487 1699 LII.
519 1654 557 1696 O
586 1652 764 1695 domine
790 1652 849 1694 mi
870 1667 960 1705 rex,
989 1651 1163 1694 adverte
1178 1650 1410 1710 diligenter
1426 1652 1545 1710 quod
1561 1655 1651 1711 jam
1670 1654 1851 1713 quadra-

325 1725 446 1784 ginta
464 1724 591 1767 annis
607 1724 779 1783 elapsis,
804 1723 982 1774 scilicet,
1003 1724 1056 1765 ab
1074 1722 1149 1765 illo
1168 1733 1377 1781 tempore,
1397 1740 1484 1782 quo
1505 1724 1578 1766 ille
1597 1725 1757 1768 nobilis
1777 1743 1851 1770 rex

327 1795 584 1848 Edwardus,
623 1811 727 1837 avus
756 1805 873 1845 tuus,
910 1794 1074 1852 incepit
1101 1794 1166 1836 uti
1204 1793 1281 1836 illo
1325 1794 1520 1853 predicto
1559 1798 1848 1855 prerogativo,

325 1867 490 1911 scilicet
523 1882 676 1925 capere
710 1881 777 1908 res
814 1865 976 1907 alienas
1006 1881 1085 1923 pro
1115 1865 1274 1907 minori
1302 1866 1447 1924 precio
1484 1882 1615 1924 quam
1651 1867 1851 1912 venditor

325 1938 524 1982 voluerat
550 1937 668 1989 dare,
699 1952 789 1978 non
812 1936 953 1979 fuerat
974 1947 1092 1978 tanta
1114 1952 1197 1994 pax
1217 1936 1263 1978 in
1281 1936 1360 1978 hac
1380 1947 1492 1979 terra
1523 1937 1634 1980 sicut
1664 1955 1782 1981 nunc
1808 1951 1851 1983 et

327 2012 418 2068 jam
446 2009 530 2052 fuit
549 2024 665 2051 anno
691 2008 829 2066 lapso;
860 2018 1136 2066 preterquam
1164 2008 1209 2049 in
1227 2008 1426 2066 partibus
1444 2008 1530 2051 illis
1556 2009 1603 2051 in
1624 2010 1786 2068 quibus
1802 2021 1849 2054 tu

323 2080 557 2123 transitum
583 2090 709 2122 tuum
734 2079 852 2122 facis.
892 2079 959 2120 Ibi
985 2077 1117 2130 enim,
1148 2078 1278 2121 debet
1300 2094 1392 2121 esse
1422 2095 1505 2138 pax
1538 2091 1581 2122 et
1614 2080 1845 2139 gaudium3

327 2152 400 2195 sed
421 2152 500 2205 ibi,
528 2167 670 2210 neque
695 2162 760 2193 est
777 2167 876 2210 pax,
901 2167 1043 2209 neque
1063 2150 1287 2209 gaudium.
1313 2151 1401 2193 Nec
1421 2152 1595 2205 mirum,
1624 2152 1726 2211 quia
1739 2153 1847 2196 dici-

323 2234 395 2266 tur
436 2222 544 2266 Isaie
581 2238 710 2265 vam
751 2233 793 2264 et
834 2238 939 2265 Lvn:
982 2222 1082 2267 Non
1118 2232 1182 2264 est
1210 2238 1307 2280 pax
1346 2225 1504 2281 impiis,
1549 2224 1655 2266 dicit
1697 2225 1846 2268 Domi-

321 2296 405 2337 nus
419 2299 453 2338 ⁰.
491 2293 690 2337 Ezechiel
721 2308 833 2336 xm:
868 2295 1139 2351 Dec-eperunt
1172 2294 1386 2352 populum
1419 2295 1607 2336 dicentes
1634 2309 1648 2336 .·
1686 2311 1780 2353 pax
1808 2305 1850 2338 et

322 2381 409 2408 non
428 2375 494 2408 est
509 2381 605 2423 pax
619 2362 647 2407 ⁶.
679 2365 734 2407 Et
761 2364 875 2416 ide0‚
900 2364 1142 2407 timendum
1169 2375 1234 2406 est
1266 2364 1319 2406 de
1358 2376 1434 2407 tuo
1473 2365 1682 2424 periculo,
1721 2367 1847 2424 juxta

323 2436 434 2479 illud
461 2436 513 2479 ad
535 2435 793 2480 Thessalon.
823 2451 849 2477 v
873 2452 881 2478 ε
921 2436 1029 2478 Cum
1051 2439 1163 2478 enim
1184 2436 1378 2478 dixerint
1401 2452 1498 2493 pasc
1529 2446 1570 2478 et
1603 2441 1847 2492 securitas,-

323 2517 426 2550 tanc
452 2512 701 2565 repentinus
730 2512 791 2549 eis
809 2510 1080 2564 superveniet
1106 2509 1342 2549 z'nceritas0.
1377 2507 1432 2549 Et
1453 2507 1550 2560 hoc,
1580 2507 1681 2565 quia
1703 2523 1846 2566 popu-

323 2578 391 2621 lus
414 2577 603 2620 multum
623 2588 826 2635 gravatur
845 2577 890 2620 in
911 2577 1099 2619 adventu
1122 2588 1214 2630 tuo,
1238 2593 1336 2619 cum
1363 2578 1477 2620 bona
1494 2591 1649 2620 'eorum
1668 2578 1845 2637 capian-

325 2660 413 2701 tur,
443 2659 592 2690 contra
618 2663 768 2690 eorum
794 2648 1077 2701 voluntatem,
1102 2664 1180 2707 per
1199 2648 1421 2690 ministros
1448 2659 1562 2692 tuos.
1594 2648 1679 2690 Sed
1699 2664 1843 2707 spero,

322 2735 400 2779 per
419 2719 606 2778 graciam
626 2719 725 2774 Dei,
754 2719 875 2776 quod
902 2735 983 2777 pax
1013 2730 1054 2761 et
1080 2719 1288 2777 gaudium
1316 2720 1449 2777 hujus
1476 2730 1604 2772 terre,
1637 2735 1722 2778 que
1756 2721 1846 2777 jam

323 2790 502 2833 fuerunt
528 2805 644 2832 anno
665 2790 765 2843 isto,
789 2801 892 2832 sunt
918 2790 1101 2832 kalende
1122 2791 1236 2849 pacis
1263 2801 1306 2832 et
1325 2790 1488 2849 gaudii,
1518 2806 1604 2849 que
1632 2802 1762 2833 erunt
1792 2790 1847 2833 de

322 2871 463 2903 cetero
490 2861 535 2903 in
557 2860 746 2903 adventu
768 2871 859 2904 tuo,
891 2862 946 2903 Et
966 2861 1048 2903 hoc
1065 2872 1129 2904 est
1149 2872 1338 2904 statuere
1358 2872 1400 2904 et
1426 2861 1643 2913 ordinare,
1674 2876 1728 2903 ne
1747 2861 1846 2919 quis

322 2931 465 2989 capiat
484 2930 537 2973 de
557 2931 684 2973 bonis
706 2930 897 2982 alterius,
931 2942 1077 2974 contra
1118 2947 1239 2974 suam
1263 2932 1546 2975 voluntatem.
1589 2932 1644 2973 Et
1673 2931 1758 2973 nisi
1788 2931 1848 2974 sic

324 3000 491 3055 feceris,
516 3017 741 3060 nunquam
763 3002 844 3044 erit
869 3002 1076 3060 gaudium
1103 3002 1148 3044 in
1177 3013 1253 3045 tuo
1280 3002 1468 3045 adventu
1484 3013 1527 3045 et
1544 3001 1666 3045 valde
1693 3001 1845 3044 timen-

378 3194 415 3218 a.
445 3182 533 3217 Isai.
558 3183 729 3225 XLVIII,
754 3185 820 3225 22;
843 3184 960 3226 LVII,
985 3187 1041 3220 21.
1070 3205 1115 3212 -—
1138 3185 1172 3221 b.
1204 3185 1311 3220 Ezec.
1343 3184 1445 3226 XIII,
1469 3186 1526 3221 10.
1548 3204 1593 3212 —
1613 3197 1644 3220 c.
1668 3184 1684 3219 Ῑ
1710 3184 1846 3219 Thess.
