2444 3750
992 404 1205 444 ..71-

336 540 507 598 genter
540 529 608 577 illi
635 527 868 584 ministri3
899 541 1091 589 nempe,
1122 531 1174 569 ut
1210 538 1358 568 unum
1391 528 1579 567 tantum
1611 519 1733 565 diem
1758 518 1866 581 jure

339 622 577 686 prisarum
617 625 828 673 utantur,
875 623 926 660 ut
958 613 1018 660 ab
1047 612 1126 659 illo
1165 628 1214 658 se
1244 610 1515 657 abstineant
1543 609 1663 655 intra
1703 625 1866 654 muros

341 708 550 764 urbium,
587 714 639 752 ut
673 721 760 770 pro
793 702 935 750 rebus
971 701 1119 766 captis
1158 698 1373 746 debitum
1402 697 1626 762 pretium,
1658 697 1757 761 ipso
1790 695 1866 742 die

338 795 612 861 emptionis,
654 802 735 840 aut
761 792 836 838 die
866 798 1115 855 sequente,
1150 787 1353 835 solvant.
1397 785 1539 846 Quod
1566 786 1602 831 si
1630 786 1753 831 intra
1779 784 1867 830 hos

339 884 567 949 temporis
601 882 774 928 limites
795 879 995 945 pecunia
1025 878 1131 925 data
1171 893 1268 923 non
1295 875 1455 933 fuerit,
1491 873 1649 920 licebit
1677 872 1863 931 incolis,

338 973 383 1018 vi
403 971 629 1028 adhibita,
654 987 730 1016 res
751 985 858 1015 suas
886 982 1157 1031 reposcere,
1175 974 1223 1012 et
1236 972 1479 1029 emptores
1494 963 1648 1026 regios
1666 963 1714 1008 in
1738 961 1867 1024 judi-

338 1062 466 1108 cium
501 1059 756 1106 adducere.
799 1057 946 1121 Regni
978 1052 1306 1120 optimatibus,
1349 1053 1386 1099 si
1422 1052 1504 1116 qui
1542 1051 1658 1098 haec
1693 1049 1867 1122 alicubi

338 1148 562 1196 mandata
594 1146 892 1203 violaverint,
926 1160 1094 1190 omnes
1126 1142 1367 1199 resistant,
1399 1149 1629 1205 tanquam
1660 1139 1864 1198 furibus,

338 1246 438 1295 aut,
468 1237 505 1284 si
529 1237 687 1283 minus
713 1235 857 1282 armis
876 1241 923 1280 et
949 1232 1200 1278 hominum
1228 1246 1431 1277 numero
1456 1229 1616 1277 valent
1642 1245 1787 1293 quam
1817 1236 1868 1274 ut

341 1326 525 1391 possint
559 1325 650 1370 vim
689 1324 732 1370 vi
770 1321 1026 1388 repellere,
1067 1338 1093 1367 a
1125 1319 1354 1385 proximis
1390 1317 1658 1365 civitatibus
1694 1317 1867 1364 auxilia

340 1415 605 1479 requirant,
635 1413 913 1475 vicinosque
934 1407 1242 1466 clamoribus,
1271 1416 1351 1454 aut
1378 1407 1536 1472 aliqua
1564 1406 1651 1454 alia
1680 1407 1866 1453 ratione

344 1524 365 1547 «
397 1511 588 1567 praeter
619 1516 961 1565 campanarum
992 1498 1202 1544 sonitum
1233 1516 1254 1540 »
1292 1504 1538 1554 moneant,
1567 1504 1616 1542 et
1640 1496 1685 1541 in
1716 1512 1866 1542 unum

339 1599 529 1655 cogant.
560 1592 883 1653 Quapropter,
918 1587 954 1633 si
993 1587 1099 1651 quis
1129 1585 1307 1650 aliquid
1335 1601 1504 1649 rapere
1539 1584 1791 1631 tentaverit
1818 1585 1866 1630 in

335 1679 567 1742 judicium
593 1677 878 1734 adducetur,
902 1684 984 1722 aut
1005 1674 1134 1740 quod
1156 1673 1413 1739 peculiaria
1439 1674 1573 1737 regni
1589 1672 1695 1735 jura
1714 1672 1866 1720 laese-

338 1768 417 1825 rit,
453 1776 501 1814 et
540 1766 647 1813 ideo
686 1781 922 1813 summam
950 1763 1181 1829 pecuniae
1225 1762 1373 1828 duplo
1412 1762 1644 1824 majorem
1680 1761 1866 1809 solvere

340 1864 555 1920 cogetur,
596 1864 678 1901 aut
710 1853 839 1919 quod
871 1854 948 1916 jus
975 1869 1232 1899 commune
1258 1852 1474 1915 gentium
1506 1850 1779 1908 offenderit,
1817 1859 1866 1897 et

339 1944 447 1992 ideo
473 1945 781 2002 constitutam
808 1943 857 1988 in
884 1942 1011 1988 fures
1030 1958 1235 2005 poenam
1256 1940 1450 2005 pendet.

405 2034 709 2097 Quicumque
741 2049 856 2096 ergo
888 2031 1096 2096 aliquem
1135 2031 1183 2076 in
1211 2028 1484 2092 hujusmodi
1514 2030 1651 2094 prisis
1693 2029 1867 2092 injuste

340 2121 582 2186 exigendis
637 2120 1026 2186 deprehenderit,
1080 2128 1362 2184 potestatem
1412 2135 1470 2165 eo
1521 2119 1623 2183 ipso
1675 2118 1868 2166 habebit

341 2211 475 2257 illum
498 2209 799 2257 manifestum
823 2227 959 2256 reum
980 2208 1038 2255 ad
1060 2209 1331 2273 proximum
1360 2224 1602 2254 carcerem
1624 2207 1862 2255 trahendi.

339 2304 364 2347 J
371 2299 660 2362 urejurando
706 2297 1005 2363 pollicebitur
1053 2298 1174 2361 regis
1213 2305 1497 2361 procurator
1532 2313 1601 2354 se,
1653 2297 1865 2361 quoties-

341 2405 547 2453 cumque
576 2387 752 2452 aliquid
781 2395 947 2434 contra
978 2404 1120 2451 supra
1150 2386 1272 2433 dicta
1304 2385 1527 2432 mandata
1557 2387 1866 2432 commissum

341 2476 484 2524 fuisse
503 2478 799 2541 cognoverit,
829 2477 1013 2523 etiamsi
1043 2475 1121 2522 ille
1142 2476 1225 2540 qui
1254 2475 1476 2537 injuriam
1502 2475 1740 2539 acceperit
1769 2493 1866 2522 non

343 2574 590 2630 queratur,
613 2566 852 2611 actionem
885 2565 1260 2611 constituturum
1292 2580 1413 2610 esse.
1445 2564 1586 2628 Atqui
1608 2563 1868 2610 admodum

344 2671 473 2712 raro,
506 2655 544 2700 si
572 2671 781 2717 unquam
810 2661 970 2710 antea,
1003 2654 1126 2717 regis
1148 2661 1432 2717 procurator
1452 2661 1624 2717 sponte
1658 2653 1868 2717 aliquem

345 2744 392 2788 in
407 2742 638 2805 judicium
660 2751 928 2798 vocaverat,
948 2750 995 2788 et
1009 2742 1298 2788 accusatoris
1319 2749 1478 2804 partes
1495 2740 1748 2805 officiaque
1763 2732 1868 2787 sus-

344 2839 552 2895 ceperat.
586 2830 671 2876 Illa
698 2847 810 2893 ergo
836 2830 933 2877 fere
966 2831 1116 2894 prima
1144 2839 1257 2876 sunt
1284 2830 1474 2893 vestigia
1503 2830 1717 2876 muneris
1744 2829 1869 2876 illius

349 2920 425 2966 cui
446 2936 622 2965 nomen
645 2928 717 2965 est
738 2919 880 2965 hodie
904 2940 924 2962 «
940 2920 1200 2983 publicum
1221 2919 1570 2965 Ῑηίηιζςίενιὶιιη1
1602 2938 1645 2965 ».

410 3011 582 3071 Atque,
607 3016 659 3054 ut
673 3007 991 3072 intelligamus
1006 3016 1241 3072 quantum
1259 3006 1355 3053 odii
1373 3008 1686 3054 excitaverint
1702 3024 1869 3071 procu-

404 3192 439 3228 1.
467 3190 586 3236 Picot,
612 3192 779 3229 Histoire
799 3191 867 3228 des
882 3194 1231 3240 Etats-Ge'ne‘raax,
1255 3198 1282 3230 t.
1311 3191 1360 3235 11,
1387 3202 1426 3242 p.
1454 3190 1542 3228 128.
