<?xml version="1.0" encoding="UTF-8"?>
<!DOCTYPE html PUBLIC "-//W3C//DTD XHTML 1.0 Transitional//EN"
    "http://www.w3.org/TR/xhtml1/DTD/xhtml1-transitional.dtd">
<html xmlns="http://www.w3.org/1999/xhtml" xml:lang="en" lang="en">
 <head>
  <title>
</title>
<meta http-equiv="Content-Type" content="text/html;charset=utf-8" />
  <meta name='ocr-system' content='tesseract 3.04.00' />
  <meta name='ocr-capabilities' content='ocr_page ocr_carea ocr_par ocr_line ocrx_word'/>
</head>
<body>
  <div class='ocr_page' id='page_1' title='image "./despeculoregised00isliuoft_0113.png"; bbox 0 0 2314 3736; ppageno 0'>
   <div class='ocr_carea' id='block_1_1' title="bbox 1018 370 1259 412">
    <p class='ocr_par' dir='ltr' id='par_1_1' title="bbox 1018 370 1259 412">
     <span class='ocr_line' id='line_1_1' title="bbox 1018 370 1259 412; baseline 0.008 -2"><span class='ocrx_word' id='word_1_1' title='bbox 1018 370 1259 412; x_wconf 88' lang='lat'>—103-</span> 
     </span>
    </p>
   </div>
   <div class='ocr_carea' id='block_1_2' title="bbox 373 458 1904 1227">
    <p class='ocr_par' dir='ltr' id='par_1_2' title="bbox 373 458 1904 1227">
     <span class='ocr_line' id='line_1_2' title="bbox 374 458 1901 517; baseline 0 -17"><span class='ocrx_word' id='word_1_2' title='bbox 374 469 511 501; x_wconf 83' lang='lat' dir='ltr'>cetera</span> <span class='ocrx_word' id='word_1_3' title='bbox 532 458 733 500; x_wconf 88' lang='lat' dir='ltr'>animalia</span> <span class='ocrx_word' id='word_1_4' title='bbox 768 474 1026 517; x_wconf 87' lang='lat' dir='ltr'>pauperum,</span> <span class='ocrx_word' id='word_1_5' title='bbox 1057 459 1111 502; x_wconf 92' lang='lat' dir='ltr'>de</span> <span class='ocrx_word' id='word_1_6' title='bbox 1146 458 1351 513; x_wconf 84' lang='lat' dir='ltr'>domibus</span> <span class='ocrx_word' id='word_1_7' title='bbox 1384 458 1489 511; x_wconf 86' lang='lat' dir='ltr'>suis,</span> <span class='ocrx_word' id='word_1_8' title='bbox 1520 469 1562 501; x_wconf 91' lang='lat' dir='ltr'>et</span> <span class='ocrx_word' id='word_1_9' title='bbox 1594 458 1655 500; x_wconf 87' lang='lat' dir='ltr'>ibi</span> <span class='ocrx_word' id='word_1_10' title='bbox 1686 458 1901 501; x_wconf 87' lang='lat' dir='ltr'>collocant</span> 
     </span>
     <span class='ocr_line' id='line_1_3' title="bbox 374 529 1902 588; baseline 0.001 -17"><span class='ocrx_word' id='word_1_11' title='bbox 374 529 579 572; x_wconf 89' lang='lat' dir='ltr'>animalia</span> <span class='ocrx_word' id='word_1_12' title='bbox 607 541 679 572; x_wconf 89' lang='lat' dir='ltr'>tua</span> <span class='ocrx_word' id='word_1_13' title='bbox 703 541 745 572; x_wconf 91' lang='lat' dir='ltr'>et</span> <span class='ocrx_word' id='word_1_14' title='bbox 774 529 978 572; x_wconf 90' lang='lat' dir='ltr'>animalia</span> <span class='ocrx_word' id='word_1_15' title='bbox 1009 530 1087 572; x_wconf 88' lang='lat' dir='ltr'>filii</span> <span class='ocrx_word' id='word_1_16' title='bbox 1119 530 1200 572; x_wconf 89' lang='lat' dir='ltr'>tui.</span> <span class='ocrx_word' id='word_1_17' title='bbox 1236 529 1431 588; x_wconf 86' lang='lat' dir='ltr'>Capiunt</span> <span class='ocrx_word' id='word_1_18' title='bbox 1459 546 1655 582; x_wconf 88' lang='lat' dir='ltr'>avenam,</span> <span class='ocrx_word' id='word_1_19' title='bbox 1687 530 1836 572; x_wconf 88' lang='lat' dir='ltr'>fenum</span> <span class='ocrx_word' id='word_1_20' title='bbox 1858 541 1902 573; x_wconf 85' lang='lat' dir='ltr'>et</span> 
     </span>
     <span class='ocr_line' id='line_1_4' title="bbox 375 600 1901 659; baseline 0.001 -17"><span class='ocrx_word' id='word_1_21' title='bbox 375 600 493 642; x_wconf 90' lang='lat' dir='ltr'>fabas</span> <span class='ocrx_word' id='word_1_22' title='bbox 520 611 561 642; x_wconf 93' lang='lat' dir='ltr'>et</span> <span class='ocrx_word' id='word_1_23' title='bbox 580 601 749 659; x_wconf 82' lang='lat' dir='ltr'>garbas,</span> <span class='ocrx_word' id='word_1_24' title='bbox 786 600 932 643; x_wconf 84' lang='lat' dir='ltr'>invitis</span> <span class='ocrx_word' id='word_1_25' title='bbox 971 600 1160 643; x_wconf 90' lang='lat' dir='ltr'>dominis</span> <span class='ocrx_word' id='word_1_26' title='bbox 1194 616 1355 652; x_wconf 91' lang='lat' dir='ltr'>rerum,</span> <span class='ocrx_word' id='word_1_27' title='bbox 1396 611 1438 642; x_wconf 92' lang='lat' dir='ltr'>et</span> <span class='ocrx_word' id='word_1_28' title='bbox 1472 600 1686 642; x_wconf 86' lang='lat' dir='ltr'>modicam</span> <span class='ocrx_word' id='word_1_29' title='bbox 1725 601 1901 643; x_wconf 88' lang='lat' dir='ltr'>solvunt</span> 
     </span>
     <span class='ocr_line' id='line_1_5' title="bbox 375 670 1901 730; baseline 0.001 -18"><span class='ocrx_word' id='word_1_30' title='bbox 375 670 619 730; x_wconf 89' lang='lat' dir='ltr'>pecuniam,</span> <span class='ocrx_word' id='word_1_31' title='bbox 662 671 926 729; x_wconf 86' lang='lat' dir='ltr'>quibusdam</span> <span class='ocrx_word' id='word_1_32' title='bbox 955 671 1137 729; x_wconf 86' lang='lat' dir='ltr'>aliquid,</span> <span class='ocrx_word' id='word_1_33' title='bbox 1178 671 1273 713; x_wconf 89' lang='lat' dir='ltr'>aliis</span> <span class='ocrx_word' id='word_1_34' title='bbox 1304 671 1437 713; x_wconf 87' lang='lat' dir='ltr'>nichil</span> <span class='ocrx_word' id='word_1_35' title='bbox 1475 671 1664 722; x_wconf 80' lang='lat' dir='ltr'>solvunt,</span> <span class='ocrx_word' id='word_1_36' title='bbox 1689 682 1731 713; x_wconf 92' lang='lat' dir='ltr'>et</span> <span class='ocrx_word' id='word_1_37' title='bbox 1764 671 1901 714; x_wconf 90' lang='lat' dir='ltr'>multa</span> 
     </span>
     <span class='ocr_line' id='line_1_6' title="bbox 374 741 1899 801; baseline 0.001 -18"><span class='ocrx_word' id='word_1_38' title='bbox 374 741 455 784; x_wconf 87' lang='lat' dir='ltr'>alia</span> <span class='ocrx_word' id='word_1_39' title='bbox 485 742 593 783; x_wconf 89' lang='lat' dir='ltr'>mala</span> <span class='ocrx_word' id='word_1_40' title='bbox 618 741 818 793; x_wconf 73' lang='lat' dir='ltr'>faciunt²,</span> <span class='ocrx_word' id='word_1_41' title='bbox 848 742 1055 784; x_wconf 86' lang='lat' dir='ltr'>auferunt</span> <span class='ocrx_word' id='word_1_42' title='bbox 1075 742 1205 784; x_wconf 87' lang='lat' dir='ltr'>etiam</span> <span class='ocrx_word' id='word_1_43' title='bbox 1227 759 1249 784; x_wconf 92' lang='lat' dir='ltr'>a</span> <span class='ocrx_word' id='word_1_44' title='bbox 1271 741 1430 794; x_wconf 89' lang='lat' dir='ltr'>viduis,</span> <span class='ocrx_word' id='word_1_45' title='bbox 1455 742 1678 800; x_wconf 85' lang='lat' dir='ltr'>orphanis,</span> <span class='ocrx_word' id='word_1_46' title='bbox 1712 758 1899 801; x_wconf 86' lang='lat' dir='ltr'>pauper-</span> 
     </span>
     <span class='ocr_line' id='line_1_7' title="bbox 373 812 1900 870; baseline 0 -15"><span class='ocrx_word' id='word_1_47' title='bbox 373 812 481 855; x_wconf 87' lang='lat' dir='ltr'><strong>culis</strong></span> <span class='ocrx_word' id='word_1_48' title='bbox 510 812 783 863; x_wconf 88' lang='lat' dir='ltr'>mulieribus,</span> <span class='ocrx_word' id='word_1_49' title='bbox 821 823 864 854; x_wconf 90' lang='lat' dir='ltr'>et</span> <span class='ocrx_word' id='word_1_50' title='bbox 895 812 1024 854; x_wconf 88' lang='lat' dir='ltr'>etiam</span> <span class='ocrx_word' id='word_1_51' title='bbox 1063 814 1118 854; x_wconf 90' lang='lat' dir='ltr'>ab</span> <span class='ocrx_word' id='word_1_52' title='bbox 1155 813 1266 864; x_wconf 90' lang='lat' dir='ltr'>aliis,</span> <span class='ocrx_word' id='word_1_53' title='bbox 1306 812 1488 870; x_wconf 83' lang='lat' dir='ltr'>gallinas</span> <span class='ocrx_word' id='word_1_54' title='bbox 1522 829 1571 854; x_wconf 88' lang='lat' dir='ltr'>ex</span> <span class='ocrx_word' id='word_1_55' title='bbox 1613 813 1775 870; x_wconf 90' lang='lat' dir='ltr'>quibus</span> <span class='ocrx_word' id='word_1_56' title='bbox 1805 829 1900 855; x_wconf 89' lang='lat' dir='ltr'>sus-</span> 
     </span>
     <span class='ocr_line' id='line_1_8' title="bbox 374 883 1900 942; baseline 0 -16"><span class='ocrx_word' id='word_1_57' title='bbox 374 883 665 926; x_wconf 88' lang='lat' dir='ltr'>tentacionem</span> <span class='ocrx_word' id='word_1_58' title='bbox 691 883 923 934; x_wconf 83' lang='lat' dir='ltr'>habebant,</span> <span class='ocrx_word' id='word_1_59' title='bbox 954 894 997 926; x_wconf 90' lang='lat' dir='ltr'>et</span> <span class='ocrx_word' id='word_1_60' title='bbox 1024 883 1293 942; x_wconf 89' lang='lat' dir='ltr'>promittunt</span> <span class='ocrx_word' id='word_1_61' title='bbox 1312 883 1478 926; x_wconf 92' lang='lat' dir='ltr'>solvere</span> <span class='ocrx_word' id='word_1_62' title='bbox 1505 900 1644 926; x_wconf 89' lang='lat' dir='ltr'>unum</span> <span class='ocrx_word' id='word_1_63' title='bbox 1671 884 1900 926; x_wconf 89' lang='lat' dir='ltr'>denarium</span> 
     </span>
     <span class='ocr_line' id='line_1_9' title="bbox 375 953 1903 1014; baseline 0.001 -18"><span class='ocrx_word' id='word_1_64' title='bbox 375 970 455 1014; x_wconf 94' lang='lat' dir='ltr'>pro</span> <span class='ocrx_word' id='word_1_65' title='bbox 482 953 658 1012; x_wconf 87' lang='lat' dir='ltr'>gallina,</span> <span class='ocrx_word' id='word_1_66' title='bbox 692 954 793 996; x_wconf 89' lang='lat' dir='ltr'>licet</span> <span class='ocrx_word' id='word_1_67' title='bbox 818 971 902 996; x_wconf 90' lang='lat' dir='ltr'>una</span> <span class='ocrx_word' id='word_1_68' title='bbox 936 954 1074 996; x_wconf 87' lang='lat' dir='ltr'>valeat</span> <span class='ocrx_word' id='word_1_69' title='bbox 1113 954 1222 997; x_wconf 93' lang='lat' dir='ltr'>duos</span> <span class='ocrx_word' id='word_1_70' title='bbox 1256 954 1474 1009; x_wconf 78' lang='lat' dir='ltr'>denarios,</span> <span class='ocrx_word' id='word_1_71' title='bbox 1514 954 1680 997; x_wconf 87' lang='lat' dir='ltr'>faciunt</span> <span class='ocrx_word' id='word_1_72' title='bbox 1709 954 1838 997; x_wconf 90' lang='lat' dir='ltr'>etiam</span> <span class='ocrx_word' id='word_1_73' title='bbox 1860 966 1903 997; x_wconf 90' lang='lat' dir='ltr'>et</span> 
     </span>
     <span class='ocr_line' id='line_1_10' title="bbox 374 1025 1898 1085; baseline 0 -18"><span class='ocrx_word' id='word_1_74' title='bbox 374 1025 469 1068; x_wconf 87' lang='lat' dir='ltr'>illas</span> <span class='ocrx_word' id='word_1_75' title='bbox 494 1027 642 1084; x_wconf 88' lang='lat' dir='ltr'>jurare</span> <span class='ocrx_word' id='word_1_76' title='bbox 668 1025 787 1083; x_wconf 90' lang='lat' dir='ltr'>quod</span> <span class='ocrx_word' id='word_1_77' title='bbox 809 1025 953 1067; x_wconf 89' lang='lat' dir='ltr'>dicent</span> <span class='ocrx_word' id='word_1_78' title='bbox 972 1036 1081 1083; x_wconf 91' lang='lat' dir='ltr'>quot</span> <span class='ocrx_word' id='word_1_79' title='bbox 1101 1025 1291 1067; x_wconf 84' lang='lat' dir='ltr'>habeant</span> <span class='ocrx_word' id='word_1_80' title='bbox 1317 1025 1515 1084; x_wconf 84' lang='lat' dir='ltr'>gallinas,</span> <span class='ocrx_word' id='word_1_81' title='bbox 1549 1036 1598 1068; x_wconf 88' lang='lat' dir='ltr'>ut</span> <span class='ocrx_word' id='word_1_82' title='bbox 1630 1025 1690 1067; x_wconf 90' lang='lat' dir='ltr'>eis</span> <span class='ocrx_word' id='word_1_83' title='bbox 1721 1025 1898 1085; x_wconf 85' lang='lat' dir='ltr'>eligant,</span> 
     </span>
     <span class='ocr_line' id='line_1_11' title="bbox 373 1095 1904 1155; baseline 0 -16"><span class='ocrx_word' id='word_1_84' title='bbox 373 1112 482 1154; x_wconf 89' lang='lat' dir='ltr'>quas</span> <span class='ocrx_word' id='word_1_85' title='bbox 521 1096 729 1139; x_wconf 87' lang='lat' dir='ltr'>duxerint</span> <span class='ocrx_word' id='word_1_86' title='bbox 772 1095 1006 1154; x_wconf 86' lang='lat' dir='ltr'>eligendas.</span> <span class='ocrx_word' id='word_1_87' title='bbox 1054 1098 1142 1138; x_wconf 92' lang='lat' dir='ltr'>Hec</span> <span class='ocrx_word' id='word_1_88' title='bbox 1187 1107 1290 1138; x_wconf 92' lang='lat' dir='ltr'>sunt</span> <span class='ocrx_word' id='word_1_89' title='bbox 1326 1096 1500 1139; x_wconf 91' lang='lat' dir='ltr'>notoria</span> <span class='ocrx_word' id='word_1_90' title='bbox 1536 1096 1581 1139; x_wconf 91' lang='lat' dir='ltr'>in</span> <span class='ocrx_word' id='word_1_91' title='bbox 1615 1096 1814 1155; x_wconf 85' lang='lat' dir='ltr'>partibus</span> <span class='ocrx_word' id='word_1_92' title='bbox 1850 1096 1904 1145; x_wconf 88' lang='lat' dir='ltr'>de</span> 
     </span>
     <span class='ocr_line' id='line_1_12' title="bbox 374 1166 1396 1227; baseline 0.001 -17"><span class='ocrx_word' id='word_1_93' title='bbox 374 1167 663 1227; x_wconf 91' lang='lat' dir='ltr'>Wyndesore.</span> <span class='ocrx_word' id='word_1_94' title='bbox 689 1168 755 1210; x_wconf 94' lang='lat' dir='ltr'>De</span> <span class='ocrx_word' id='word_1_95' title='bbox 774 1167 955 1210; x_wconf 90' lang='lat' dir='ltr'>occultis</span> <span class='ocrx_word' id='word_1_96' title='bbox 975 1166 1110 1210; x_wconf 86' lang='lat' dir='ltr'>nichil</span> <span class='ocrx_word' id='word_1_97' title='bbox 1127 1167 1181 1209; x_wconf 93' lang='lat' dir='ltr'>ad</span> <span class='ocrx_word' id='word_1_98' title='bbox 1202 1183 1396 1226; x_wconf 81' lang='lat' dir='ltr'>presens,</span> 
     </span>
    </p>
   </div>
   <div class='ocr_carea' id='block_1_3' title="bbox 373 1299 1904 2634">
    <p class='ocr_par' dir='ltr' id='par_1_3' title="bbox 373 1299 1904 2634">
     <span class='ocr_line' id='line_1_13' title="bbox 437 1299 1901 1352; baseline -0.002 -7"><span class='ocrx_word' id='word_1_99' title='bbox 437 1299 517 1345; x_wconf 93' lang='grc'>18.</span> <span class='ocrx_word' id='word_1_100' title='bbox 554 1301 609 1342; x_wconf 90' lang='lat' dir='ltr'>Et</span> <span class='ocrx_word' id='word_1_101' title='bbox 635 1311 699 1352; x_wconf 87' lang='lat' dir='ltr'>tu,</span> <span class='ocrx_word' id='word_1_102' title='bbox 741 1299 918 1342; x_wconf 87' lang='lat' dir='ltr'>domine</span> <span class='ocrx_word' id='word_1_103' title='bbox 949 1316 1037 1352; x_wconf 85' lang='lat' dir='ltr'>rex,</span> <span class='ocrx_word' id='word_1_104' title='bbox 1070 1299 1152 1342; x_wconf 88' lang='lat' dir='ltr'>nisi</span> <span class='ocrx_word' id='word_1_105' title='bbox 1184 1299 1310 1343; x_wconf 78' lang='lat' dir='ltr'>aliter</span> <span class='ocrx_word' id='word_1_106' title='bbox 1342 1299 1471 1342; x_wconf 87' lang='lat' dir='ltr'>facias</span> <span class='ocrx_word' id='word_1_107' title='bbox 1506 1299 1716 1350; x_wconf 86' lang='lat' dir='ltr'>ordinari,</span> <span class='ocrx_word' id='word_1_108' title='bbox 1748 1299 1901 1342; x_wconf 85' lang='lat' dir='ltr'>timen-</span> 
     </span>
     <span class='ocr_line' id='line_1_14' title="bbox 374 1370 1901 1429; baseline 0.001 -17"><span class='ocrx_word' id='word_1_109' title='bbox 374 1370 479 1413; x_wconf 89' lang='lat' dir='ltr'>dum</span> <span class='ocrx_word' id='word_1_110' title='bbox 501 1381 579 1422; x_wconf 89' lang='lat' dir='ltr'>est,</span> <span class='ocrx_word' id='word_1_111' title='bbox 605 1371 658 1412; x_wconf 94' lang='lat' dir='ltr'>de</span> <span class='ocrx_word' id='word_1_112' title='bbox 685 1371 919 1412; x_wconf 90' lang='lat' dir='ltr'>amissione</span> <span class='ocrx_word' id='word_1_113' title='bbox 946 1370 1068 1429; x_wconf 89' lang='lat' dir='ltr'>regni</span> <span class='ocrx_word' id='word_1_114' title='bbox 1096 1370 1177 1414; x_wconf 91' lang='lat' dir='ltr'>tui.</span> <span class='ocrx_word' id='word_1_115' title='bbox 1202 1373 1331 1413; x_wconf 82' lang='lat' dir='ltr'>Juxta</span> <span class='ocrx_word' id='word_1_116' title='bbox 1359 1370 1469 1413; x_wconf 92' lang='lat' dir='ltr'>illud</span> <span class='ocrx_word' id='word_1_117' title='bbox 1497 1372 1597 1413; x_wconf 91' lang='lat' dir='ltr'>Ecc.</span> <span class='ocrx_word' id='word_1_118' title='bbox 1629 1387 1679 1413; x_wconf 87' lang='lat' dir='ltr'>x:</span> <span class='ocrx_word' id='word_1_119' title='bbox 1704 1373 1901 1429; x_wconf 79' lang='lat' dir='ltr'>Regnum</span> 
     </span>
     <span class='ocr_line' id='line_1_15' title="bbox 373 1443 1898 1501; baseline 0 -17"><span class='ocrx_word' id='word_1_120' title='bbox 373 1459 400 1484; x_wconf 88' lang='lat' dir='ltr'><em>a</em></span> <span class='ocrx_word' id='word_1_121' title='bbox 424 1452 552 1499; x_wconf 77' lang='lat' dir='ltr'>gente</span> <span class='ocrx_word' id='word_1_122' title='bbox 569 1445 613 1484; x_wconf 88' lang='lat' dir='ltr'>in</span> <span class='ocrx_word' id='word_1_123' title='bbox 635 1452 804 1500; x_wconf 79' lang='lat' dir='ltr'><em>gentem</em></span> <span class='ocrx_word' id='word_1_124' title='bbox 825 1443 1090 1500; x_wconf 80' lang='lat' dir='ltr'>transfertur</span> <span class='ocrx_word' id='word_1_125' title='bbox 1115 1452 1299 1500; x_wconf 76' lang='lat' dir='ltr'>propter</span> <span class='ocrx_word' id='word_1_126' title='bbox 1325 1445 1585 1501; x_wconf 80' lang='lat' dir='ltr'>injusticias,</span> <span class='ocrx_word' id='word_1_127' title='bbox 1617 1452 1659 1484; x_wconf 83' lang='lat' dir='ltr'>et</span> <span class='ocrx_word' id='word_1_128' title='bbox 1694 1444 1898 1500; x_wconf 82' lang='lat' dir='ltr'>injurias,</span> 
     </span>
     <span class='ocr_line' id='line_1_16' title="bbox 373 1512 1902 1572; baseline -0.001 -17"><span class='ocrx_word' id='word_1_129' title='bbox 373 1523 415 1555; x_wconf 82' lang='lat' dir='ltr'>et</span> <span class='ocrx_word' id='word_1_130' title='bbox 431 1514 733 1566; x_wconf 76' lang='lat' dir='ltr'>contumelias,</span> <span class='ocrx_word' id='word_1_131' title='bbox 759 1523 799 1555; x_wconf 85' lang='lat' dir='ltr'>et</span> <span class='ocrx_word' id='word_1_132' title='bbox 833 1514 1024 1555; x_wconf 78' lang='lat' dir='ltr'>diversos</span> <span class='ocrx_word' id='word_1_133' title='bbox 1057 1514 1219 1555; x_wconf 62' lang='lat' dir='ltr'>dolosa.</span> <span class='ocrx_word' id='word_1_134' title='bbox 1255 1514 1309 1555; x_wconf 92' lang='lat' dir='ltr'>Et</span> <span class='ocrx_word' id='word_1_135' title='bbox 1344 1513 1553 1572; x_wconf 85' lang='lat' dir='ltr'>promitto</span> <span class='ocrx_word' id='word_1_136' title='bbox 1584 1513 1680 1565; x_wconf 89' lang='lat' dir='ltr'>tibi,</span> <span class='ocrx_word' id='word_1_137' title='bbox 1722 1512 1902 1555; x_wconf 89' lang='lat' dir='ltr'>domino</span> 
     </span>
     <span class='ocr_line' id='line_1_17' title="bbox 374 1583 1902 1642; baseline 0 -17"><span class='ocrx_word' id='word_1_138' title='bbox 374 1583 480 1642; x_wconf 90' lang='lat' dir='ltr'>regi,</span> <span class='ocrx_word' id='word_1_139' title='bbox 505 1600 555 1625; x_wconf 86' lang='lat' dir='ltr'>ex</span> <span class='ocrx_word' id='word_1_140' title='bbox 576 1600 663 1642; x_wconf 90' lang='lat' dir='ltr'>quo</span> <span class='ocrx_word' id='word_1_141' title='bbox 692 1583 791 1626; x_wconf 88' lang='lat' dir='ltr'>talia</span> <span class='ocrx_word' id='word_1_142' title='bbox 819 1583 932 1626; x_wconf 91' lang='lat' dir='ltr'>fiunt</span> <span class='ocrx_word' id='word_1_143' title='bbox 952 1584 1211 1626; x_wconf 83' lang='lat' dir='ltr'>auctoritate</span> <span class='ocrx_word' id='word_1_144' title='bbox 1232 1583 1540 1626; x_wconf 88' lang='lat' dir='ltr'>etdefensione</span> <span class='ocrx_word' id='word_1_145' title='bbox 1561 1595 1650 1637; x_wconf 85' lang='lat' dir='ltr'>tua,</span> <span class='ocrx_word' id='word_1_146' title='bbox 1676 1583 1795 1642; x_wconf 91' lang='lat' dir='ltr'>quod</span> <span class='ocrx_word' id='word_1_147' title='bbox 1819 1583 1902 1626; x_wconf 91' lang='lat' dir='ltr'>nisi</span> 
     </span>
     <span class='ocr_line' id='line_1_18' title="bbox 373 1653 1904 1713; baseline -0.001 -16"><span class='ocrx_word' id='word_1_148' title='bbox 373 1654 696 1697; x_wconf 86' lang='lat' dir='ltr'>racionabiliter</span> <span class='ocrx_word' id='word_1_149' title='bbox 715 1654 904 1713; x_wconf 86' lang='lat' dir='ltr'>predicta</span> <span class='ocrx_word' id='word_1_150' title='bbox 930 1654 1057 1697; x_wconf 86' lang='lat' dir='ltr'>facias</span> <span class='ocrx_word' id='word_1_151' title='bbox 1085 1654 1322 1706; x_wconf 89' lang='lat' dir='ltr'>emendari,</span> <span class='ocrx_word' id='word_1_152' title='bbox 1355 1666 1400 1697; x_wconf 91' lang='lat' dir='ltr'>tu</span> <span class='ocrx_word' id='word_1_153' title='bbox 1425 1654 1620 1713; x_wconf 85' lang='lat' dir='ltr'>punieris</span> <span class='ocrx_word' id='word_1_154' title='bbox 1653 1653 1904 1696; x_wconf 83' lang='lat' dir='ltr'>eternaliter</span> 
     </span>
     <span class='ocr_line' id='line_1_19' title="bbox 373 1724 1904 1784; baseline 0 -17"><span class='ocrx_word' id='word_1_155' title='bbox 373 1736 416 1768; x_wconf 90' lang='lat' dir='ltr'>et</span> <span class='ocrx_word' id='word_1_156' title='bbox 436 1725 552 1768; x_wconf 84' lang='lat' dir='ltr'>filius</span> <span class='ocrx_word' id='word_1_157' title='bbox 575 1737 676 1768; x_wconf 86' lang='lat' dir='ltr'>tuus</span> <span class='ocrx_word' id='word_1_158' title='bbox 705 1725 920 1777; x_wconf 90' lang='lat' dir='ltr'>similiter,</span> <span class='ocrx_word' id='word_1_159' title='bbox 945 1726 1143 1784; x_wconf 84' lang='lat' dir='ltr'>quamvis</span> <span class='ocrx_word' id='word_1_160' title='bbox 1162 1726 1305 1768; x_wconf 90' lang='lat' dir='ltr'>adhuc</span> <span class='ocrx_word' id='word_1_161' title='bbox 1331 1725 1387 1767; x_wconf 87' lang='lat' dir='ltr'>sit</span> <span class='ocrx_word' id='word_1_162' title='bbox 1413 1725 1638 1776; x_wconf 89' lang='lat' dir='ltr'>innocens,</span> <span class='ocrx_word' id='word_1_163' title='bbox 1664 1724 1698 1767; x_wconf 92' lang='lat' dir='ltr'>si</span> <span class='ocrx_word' id='word_1_164' title='bbox 1725 1725 1904 1767; x_wconf 88' lang='lat' dir='ltr'>contin-</span> 
     </span>
     <span class='ocr_line' id='line_1_20' title="bbox 373 1795 1903 1855; baseline -0.001 -16"><span class='ocrx_word' id='word_1_165' title='bbox 373 1807 443 1855; x_wconf 89' lang='lat' dir='ltr'>gat</span> <span class='ocrx_word' id='word_1_166' title='bbox 470 1796 612 1855; x_wconf 89' lang='lat' dir='ltr'>ipsum</span> <span class='ocrx_word' id='word_1_167' title='bbox 636 1808 732 1855; x_wconf 91' lang='lat' dir='ltr'>post</span> <span class='ocrx_word' id='word_1_168' title='bbox 759 1808 800 1839; x_wconf 90' lang='lat' dir='ltr'>te</span> <span class='ocrx_word' id='word_1_169' title='bbox 830 1813 1023 1855; x_wconf 86' lang='lat' dir='ltr'>regnare,</span> <span class='ocrx_word' id='word_1_170' title='bbox 1066 1797 1218 1839; x_wconf 89' lang='lat' dir='ltr'>saltem</span> <span class='ocrx_word' id='word_1_171' title='bbox 1250 1796 1547 1855; x_wconf 85' lang='lat' dir='ltr'>temporaliter</span> <span class='ocrx_word' id='word_1_172' title='bbox 1581 1795 1806 1854; x_wconf 90' lang='lat' dir='ltr'>punietur,</span> <span class='ocrx_word' id='word_1_173' title='bbox 1836 1796 1903 1838; x_wconf 90' lang='lat' dir='ltr'>vel</span> 
     </span>
     <span class='ocr_line' id='line_1_21' title="bbox 377 1866 1902 1926; baseline 0 -17"><span class='ocrx_word' id='word_1_174' title='bbox 377 1868 502 1918; x_wconf 87' lang='lat' dir='ltr'>forte,</span> <span class='ocrx_word' id='word_1_175' title='bbox 526 1879 642 1919; x_wconf 88' lang='lat' dir='ltr'>ante,</span> <span class='ocrx_word' id='word_1_176' title='bbox 674 1867 757 1910; x_wconf 89' lang='lat' dir='ltr'>nisi</span> <span class='ocrx_word' id='word_1_177' title='bbox 780 1868 986 1926; x_wconf 90' lang='lat' dir='ltr'>premissa</span> <span class='ocrx_word' id='word_1_178' title='bbox 1010 1868 1300 1910; x_wconf 87' lang='lat' dir='ltr'>emendentur</span> <span class='ocrx_word' id='word_1_179' title='bbox 1319 1867 1467 1910; x_wconf 89' lang='lat' dir='ltr'>cicius.</span> <span class='ocrx_word' id='word_1_180' title='bbox 1491 1868 1601 1910; x_wconf 85' lang='lat' dir='ltr'>Nam</span> <span class='ocrx_word' id='word_1_181' title='bbox 1626 1866 1902 1926; x_wconf 88' lang='lat' dir='ltr'>Augustinus</span> 
     </span>
     <span class='ocr_line' id='line_1_22' title="bbox 376 1937 1901 1997; baseline 0 -17"><span class='ocrx_word' id='word_1_182' title='bbox 376 1937 529 1981; x_wconf 81' lang='lat' dir='ltr'>dicit⁶z</span> <span class='ocrx_word' id='word_1_183' title='bbox 556 1939 602 1980; x_wconf 91' lang='lat' dir='ltr'>Si</span> <span class='ocrx_word' id='word_1_184' title='bbox 631 1939 675 1980; x_wconf 91' lang='lat' dir='ltr'>in</span> <span class='ocrx_word' id='word_1_185' title='bbox 703 1938 848 1997; x_wconf 89' lang='lat' dir='ltr'>ignem</span> <span class='ocrx_word' id='word_1_186' title='bbox 877 1938 1068 1981; x_wconf 89' lang='lat' dir='ltr'>mittitur</span> <span class='ocrx_word' id='word_1_187' title='bbox 1089 1938 1165 1996; x_wconf 92' lang='lat' dir='ltr'>qui</span> <span class='ocrx_word' id='word_1_188' title='bbox 1187 1955 1272 1981; x_wconf 92' lang='lat' dir='ltr'>non</span> <span class='ocrx_word' id='word_1_189' title='bbox 1291 1938 1412 1981; x_wconf 88' lang='lat' dir='ltr'>dedit</span> <span class='ocrx_word' id='word_1_190' title='bbox 1432 1955 1523 1980; x_wconf 91' lang='lat' dir='ltr'>rem</span> <span class='ocrx_word' id='word_1_191' title='bbox 1548 1938 1770 1997; x_wconf 91' lang='lat' dir='ltr'>propriam</span> <span class='ocrx_word' id='word_1_192' title='bbox 1799 1954 1901 1997; x_wconf 92' lang='lat' dir='ltr'>pau-</span> 
     </span>
     <span class='ocr_line' id='line_1_23' title="bbox 374 2008 1902 2068; baseline 0 -17"><span class='ocrx_word' id='word_1_193' title='bbox 374 2008 569 2068; x_wconf 82' lang='lat' dir='ltr'>peribuS,</span> <span class='ocrx_word' id='word_1_194' title='bbox 596 2009 671 2052; x_wconf 91' lang='lat' dir='ltr'>ubi</span> <span class='ocrx_word' id='word_1_195' title='bbox 699 2021 825 2068; x_wconf 90' lang='lat' dir='ltr'>putas</span> <span class='ocrx_word' id='word_1_196' title='bbox 854 2010 1094 2052; x_wconf 90' lang='lat' dir='ltr'>mittendus</span> <span class='ocrx_word' id='word_1_197' title='bbox 1127 2021 1191 2052; x_wconf 90' lang='lat' dir='ltr'>est</span> <span class='ocrx_word' id='word_1_198' title='bbox 1220 2009 1295 2068; x_wconf 92' lang='lat' dir='ltr'>qui</span> <span class='ocrx_word' id='word_1_199' title='bbox 1330 2009 1487 2052; x_wconf 90' lang='lat' dir='ltr'>invasit</span> <span class='ocrx_word' id='word_1_200' title='bbox 1515 2010 1581 2051; x_wconf 90' lang='lat' dir='ltr'>vel</span> <span class='ocrx_word' id='word_1_201' title='bbox 1619 2009 1765 2068; x_wconf 90' lang='lat' dir='ltr'>rapuit</span> <span class='ocrx_word' id='word_1_202' title='bbox 1796 2009 1902 2051; x_wconf 88' lang='lat' dir='ltr'>alie-</span> 
     </span>
     <span class='ocr_line' id='line_1_24' title="bbox 376 2080 1902 2134; baseline 0 -12"><span class='ocrx_word' id='word_1_203' title='bbox 376 2096 476 2122; x_wconf 85' lang='lat' dir='ltr'>nam</span> <span class='ocrx_word' id='word_1_204' title='bbox 494 2080 512 2122; x_wconf 82' lang='lat'>?</span> <span class='ocrx_word' id='word_1_205' title='bbox 532 2080 577 2122; x_wconf 89' lang='lat' dir='ltr'>Si</span> <span class='ocrx_word' id='word_1_206' title='bbox 599 2092 697 2122; x_wconf 83' lang='lat' dir='ltr'>cum</span> <span class='ocrx_word' id='word_1_207' title='bbox 725 2080 900 2122; x_wconf 86' lang='lat' dir='ltr'>diabolo</span> <span class='ocrx_word' id='word_1_208' title='bbox 921 2080 1071 2123; x_wconf 86' lang='lat' dir='ltr'>ardere</span> <span class='ocrx_word' id='word_1_209' title='bbox 1087 2081 1230 2134; x_wconf 87' lang='lat' dir='ltr'>habet,</span> <span class='ocrx_word' id='word_1_210' title='bbox 1257 2080 1290 2122; x_wconf 90' lang='lat' dir='ltr'>si</span> <span class='ocrx_word' id='word_1_211' title='bbox 1312 2080 1481 2122; x_wconf 91' lang='lat' dir='ltr'>nudum</span> <span class='ocrx_word' id='word_1_212' title='bbox 1504 2096 1593 2122; x_wconf 92' lang='lat' dir='ltr'>non</span> <span class='ocrx_word' id='word_1_213' title='bbox 1615 2080 1801 2133; x_wconf 87' lang='lat' dir='ltr'>vestivit,</span> <span class='ocrx_word' id='word_1_214' title='bbox 1826 2080 1902 2122; x_wconf 92' lang='lat' dir='ltr'>ubi</span> 
     </span>
     <span class='ocr_line' id='line_1_25' title="bbox 375 2151 1903 2210; baseline 0.001 -18"><span class='ocrx_word' id='word_1_215' title='bbox 375 2161 501 2209; x_wconf 88' lang='lat' dir='ltr'>putas</span> <span class='ocrx_word' id='word_1_216' title='bbox 522 2167 697 2193; x_wconf 87' lang='lat' dir='ltr'>assurus</span> <span class='ocrx_word' id='word_1_217' title='bbox 718 2162 782 2193; x_wconf 88' lang='lat' dir='ltr'>est</span> <span class='ocrx_word' id='word_1_218' title='bbox 808 2151 882 2210; x_wconf 91' lang='lat' dir='ltr'>qui</span> <span class='ocrx_word' id='word_1_219' title='bbox 911 2151 1202 2210; x_wconf 81' lang='lat' dir='ltr'>exspoliavit?</span> <span class='ocrx_word' id='word_1_220' title='bbox 1227 2153 1408 2193; x_wconf 89' lang='lat' dir='ltr'>Remota</span> <span class='ocrx_word' id='word_1_221' title='bbox 1437 2151 1627 2209; x_wconf 86' lang='lat' dir='ltr'>justicia,</span> <span class='ocrx_word' id='word_1_222' title='bbox 1663 2151 1771 2209; x_wconf 93' lang='lat' dir='ltr'>quid</span> <span class='ocrx_word' id='word_1_223' title='bbox 1799 2162 1903 2194; x_wconf 90' lang='lat' dir='ltr'>sunt</span> 
     </span>
     <span class='ocr_line' id='line_1_26' title="bbox 373 2221 1895 2280; baseline 0.001 -17"><span class='ocrx_word' id='word_1_224' title='bbox 373 2237 503 2280; x_wconf 85' lang='lat' dir='ltr'>regna</span> <span class='ocrx_word' id='word_1_225' title='bbox 526 2221 610 2263; x_wconf 90' lang='lat' dir='ltr'>nisi</span> <span class='ocrx_word' id='word_1_226' title='bbox 632 2222 851 2280; x_wconf 86' lang='lat' dir='ltr'>q[ue]dam</span> <span class='ocrx_word' id='word_1_227' title='bbox 874 2238 1026 2280; x_wconf 90' lang='lat' dir='ltr'>magna</span> <span class='ocrx_word' id='word_1_228' title='bbox 1048 2222 1305 2265; x_wconf 82' lang='lat' dir='ltr'>latrocinia?</span> <span class='ocrx_word' id='word_1_229' title='bbox 1325 2222 1429 2264; x_wconf 93' lang='lat' dir='ltr'>Ideo</span> <span class='ocrx_word' id='word_1_230' title='bbox 1451 2222 1701 2264; x_wconf 87' lang='lat' dir='ltr'>Alexandro</span> <span class='ocrx_word' id='word_1_231' title='bbox 1720 2223 1895 2280; x_wconf 87' lang='lat' dir='ltr'>Magno,</span> 
     </span>
     <span class='ocr_line' id='line_1_27' title="bbox 374 2292 1902 2352; baseline 0.001 -18"><span class='ocrx_word' id='word_1_232' title='bbox 374 2292 552 2350; x_wconf 88' lang='lat' dir='ltr'>quidam</span> <span class='ocrx_word' id='word_1_233' title='bbox 581 2293 936 2351; x_wconf 89' lang='lat' dir='ltr'>comprehensus,</span> <span class='ocrx_word' id='word_1_234' title='bbox 971 2293 1212 2352; x_wconf 87' lang='lat' dir='ltr'>respondit,</span> <span class='ocrx_word' id='word_1_235' title='bbox 1251 2309 1350 2335; x_wconf 92' lang='lat' dir='ltr'>cum</span> <span class='ocrx_word' id='word_1_236' title='bbox 1383 2294 1437 2335; x_wconf 91' lang='lat' dir='ltr'>ab</span> <span class='ocrx_word' id='word_1_237' title='bbox 1473 2309 1524 2335; x_wconf 93' lang='lat' dir='ltr'>eo</span> <span class='ocrx_word' id='word_1_238' title='bbox 1556 2293 1902 2351; x_wconf 78' lang='lat' dir='ltr'>interrogaretur</span> 
     </span>
     <span class='ocr_line' id='line_1_28' title="bbox 374 2363 1902 2422; baseline 0.001 -18"><span class='ocrx_word' id='word_1_239' title='bbox 374 2378 509 2420; x_wconf 88' lang='lat' dir='ltr'>quare</span> <span class='ocrx_word' id='word_1_240' title='bbox 532 2363 686 2405; x_wconf 86' lang='lat' dir='ltr'>fecerat</span> <span class='ocrx_word' id='word_1_241' title='bbox 708 2363 982 2406; x_wconf 84' lang='lat' dir='ltr'>latrocinium</span> <span class='ocrx_word' id='word_1_242' title='bbox 1010 2363 1056 2406; x_wconf 90' lang='lat' dir='ltr'>in</span> <span class='ocrx_word' id='word_1_243' title='bbox 1083 2380 1200 2406; x_wconf 89' lang='lat' dir='ltr'>mare</span> <span class='ocrx_word' id='word_1_244' title='bbox 1233 2375 1273 2405; x_wconf 93' lang='lat' dir='ltr'>et</span> <span class='ocrx_word' id='word_1_245' title='bbox 1299 2363 1390 2422; x_wconf 89' lang='lat' dir='ltr'>ipse</span> <span class='ocrx_word' id='word_1_246' title='bbox 1424 2363 1650 2422; x_wconf 89' lang='lat' dir='ltr'>respondit</span> <span class='ocrx_word' id='word_1_247' title='bbox 1676 2363 1749 2407; x_wconf 91' lang='lat' dir='ltr'>ei</span> <span class='ocrx_word' id='word_1_248' title='bbox 1787 2363 1902 2417; x_wconf 89' lang='lat' dir='ltr'>Quia</span> 
     </span>
     <span class='ocr_line' id='line_1_29' title="bbox 376 2433 1903 2493; baseline 0 -18"><span class='ocrx_word' id='word_1_249' title='bbox 376 2444 423 2475; x_wconf 93' lang='lat' dir='ltr'>tu</span> <span class='ocrx_word' id='word_1_250' title='bbox 447 2433 549 2476; x_wconf 86' lang='lat' dir='ltr'>facis</span> <span class='ocrx_word' id='word_1_251' title='bbox 576 2433 853 2476; x_wconf 88' lang='lat' dir='ltr'>latrocinium</span> <span class='ocrx_word' id='word_1_252' title='bbox 889 2451 966 2493; x_wconf 86' lang='lat' dir='ltr'>per</span> <span class='ocrx_word' id='word_1_253' title='bbox 992 2436 1143 2476; x_wconf 91' lang='lat' dir='ltr'>orbem</span> <span class='ocrx_word' id='word_1_254' title='bbox 1178 2445 1408 2477; x_wconf 90' lang='lat' dir='ltr'>terrarum.</span> <span class='ocrx_word' id='word_1_255' title='bbox 1441 2435 1527 2476; x_wconf 88' lang='lat' dir='ltr'>Sed</span> <span class='ocrx_word' id='word_1_256' title='bbox 1554 2433 1656 2492; x_wconf 92' lang='lat' dir='ltr'>quia</span> <span class='ocrx_word' id='word_1_257' title='bbox 1687 2450 1764 2492; x_wconf 90' lang='lat' dir='ltr'>ego</span> <span class='ocrx_word' id='word_1_258' title='bbox 1795 2433 1903 2476; x_wconf 89' lang='lat' dir='ltr'>facio</span> 
     </span>
     <span class='ocr_line' id='line_1_30' title="bbox 380 2503 1904 2563; baseline 0 -17"><span class='ocrx_word' id='word_1_259' title='bbox 380 2519 468 2547; x_wconf 92' lang='lat' dir='ltr'>uno</span> <span class='ocrx_word' id='word_1_260' title='bbox 495 2504 683 2562; x_wconf 87' lang='lat' dir='ltr'>navigio,</span> <span class='ocrx_word' id='word_1_261' title='bbox 714 2505 780 2547; x_wconf 88' lang='lat' dir='ltr'>vel</span> <span class='ocrx_word' id='word_1_262' title='bbox 800 2505 990 2557; x_wconf 89' lang='lat' dir='ltr'>duobus,</span> <span class='ocrx_word' id='word_1_263' title='bbox 1016 2505 1126 2547; x_wconf 87' lang='lat' dir='ltr'>latro</span> <span class='ocrx_word' id='word_1_264' title='bbox 1161 2521 1305 2556; x_wconf 92' lang='lat' dir='ltr'>vocor,</span> <span class='ocrx_word' id='word_1_265' title='bbox 1330 2505 1405 2547; x_wconf 90' lang='lat' dir='ltr'>sed</span> <span class='ocrx_word' id='word_1_266' title='bbox 1432 2516 1479 2547; x_wconf 91' lang='lat' dir='ltr'>tu</span> <span class='ocrx_word' id='word_1_267' title='bbox 1514 2505 1632 2558; x_wconf 86' lang='lat' dir='ltr'>facis,</span> <span class='ocrx_word' id='word_1_268' title='bbox 1670 2503 1793 2563; x_wconf 91' lang='lat' dir='ltr'>quasi</span> <span class='ocrx_word' id='word_1_269' title='bbox 1827 2519 1904 2563; x_wconf 87' lang='lat' dir='ltr'>per</span> 
     </span>
     <span class='ocr_line' id='line_1_31' title="bbox 378 2575 1621 2634; baseline 0.002 -18"><span class='ocrx_word' id='word_1_270' title='bbox 378 2590 552 2617; x_wconf 90' lang='lat' dir='ltr'>omnem</span> <span class='ocrx_word' id='word_1_271' title='bbox 575 2575 737 2629; x_wconf 91' lang='lat' dir='ltr'>locum,</span> <span class='ocrx_word' id='word_1_272' title='bbox 762 2575 875 2629; x_wconf 86' lang='lat' dir='ltr'>ideo,</span> <span class='ocrx_word' id='word_1_273' title='bbox 900 2587 946 2618; x_wconf 90' lang='lat' dir='ltr'>tu</span> <span class='ocrx_word' id='word_1_274' title='bbox 968 2575 1132 2618; x_wconf 84' lang='lat' dir='ltr'>vocaris</span> <span class='ocrx_word' id='word_1_275' title='bbox 1161 2591 1342 2634; x_wconf 88' lang='lat' dir='ltr'>magnus</span> <span class='ocrx_word' id='word_1_276' title='bbox 1369 2575 1621 2634; x_wconf 88' lang='lat' dir='ltr'>imperator.</span> 
     </span>
    </p>
   </div>
   <div class='ocr_carea' id='block_1_4' title="bbox 376 2702 1903 2903">
    <p class='ocr_par' dir='ltr' id='par_1_4' title="bbox 376 2702 1903 2903">
     <span class='ocr_line' id='line_1_32' title="bbox 441 2702 1899 2764; baseline -0.002 -16"><span class='ocrx_word' id='word_1_277' title='bbox 441 2705 527 2751; x_wconf 83' lang='lat'>19.</span> <span class='ocrx_word' id='word_1_278' title='bbox 578 2706 632 2747; x_wconf 90' lang='lat' dir='ltr'>Et</span> <span class='ocrx_word' id='word_1_279' title='bbox 668 2704 853 2764; x_wconf 89' lang='lat' dir='ltr'>punitur</span> <span class='ocrx_word' id='word_1_280' title='bbox 893 2704 1008 2747; x_wconf 91' lang='lat' dir='ltr'>filius</span> <span class='ocrx_word' id='word_1_281' title='bbox 1052 2704 1317 2763; x_wconf 91' lang='lat' dir='ltr'>quandoque</span> <span class='ocrx_word' id='word_1_282' title='bbox 1353 2720 1432 2763; x_wconf 91' lang='lat' dir='ltr'>pro</span> <span class='ocrx_word' id='word_1_283' title='bbox 1466 2703 1624 2746; x_wconf 89' lang='lat' dir='ltr'>delicto</span> <span class='ocrx_word' id='word_1_284' title='bbox 1670 2703 1819 2762; x_wconf 85' lang='lat' dir='ltr'>patris,</span> <span class='ocrx_word' id='word_1_285' title='bbox 1854 2702 1899 2761; x_wconf 87' lang='lat' dir='ltr'>iij</span> 
     </span>
     <span class='ocr_line' id='line_1_33' title="bbox 376 2775 1903 2835; baseline -0.002 -17"><span class='ocrx_word' id='word_1_286' title='bbox 376 2777 544 2835; x_wconf 86' lang='lat' dir='ltr'>Regum</span> <span class='ocrx_word' id='word_1_287' title='bbox 572 2775 693 2833; x_wconf 86' lang='lat' dir='ltr'>xxij:</span> <span class='ocrx_word' id='word_1_288' title='bbox 738 2777 902 2818; x_wconf 82' lang='lat' dir='ltr'>Factus</span> <span class='ocrx_word' id='word_1_289' title='bbox 937 2786 998 2818; x_wconf 82' lang='lat' dir='ltr'>est</span> <span class='ocrx_word' id='word_1_290' title='bbox 1032 2791 1174 2817; x_wconf 83' lang='lat' dir='ltr'>sermo</span> <span class='ocrx_word' id='word_1_291' title='bbox 1209 2777 1384 2817; x_wconf 81' lang='lat' dir='ltr'>Domini</span> <span class='ocrx_word' id='word_1_292' title='bbox 1416 2776 1476 2817; x_wconf 87' lang='lat' dir='ltr'>ad</span> <span class='ocrx_word' id='word_1_293' title='bbox 1509 2775 1693 2831; x_wconf 73' lang='lat' dir='ltr'>Helyczm</span> <span class='ocrx_word' id='word_1_294' title='bbox 1721 2775 1868 2816; x_wconf 72' lang='lat' dir='ltr'>dicens</span> <span class='ocrx_word' id='word_1_295' title='bbox 1889 2788 1903 2816; x_wconf 91' lang='lat'>.·</span> 
     </span>
     <span class='ocr_line' id='line_1_34' title="bbox 377 2845 1899 2903; baseline -0.003 -12"><span class='ocrx_word' id='word_1_296' title='bbox 377 2848 532 2891; x_wconf 85' lang='lat' dir='ltr'>Nonne</span> <span class='ocrx_word' id='word_1_297' title='bbox 571 2847 716 2890; x_wconf 74' lang='lat' dir='ltr'>vidisti</span> <span class='ocrx_word' id='word_1_298' title='bbox 746 2845 901 2888; x_wconf 77' lang='lat' dir='ltr'>Achab</span> <span class='ocrx_word' id='word_1_299' title='bbox 937 2847 1213 2888; x_wconf 71' lang='lat' dir='ltr'>humiliatum</span> <span class='ocrx_word' id='word_1_300' title='bbox 1251 2862 1400 2888; x_wconf 82' lang='lat' dir='ltr'>coram</span> <span class='ocrx_word' id='word_1_301' title='bbox 1436 2862 1502 2887; x_wconf 85' lang='lat' dir='ltr'>me</span> <span class='ocrx_word' id='word_1_302' title='bbox 1527 2848 1551 2887; x_wconf 67' lang='lat' dir='ltr'><em>P</em></span> <span class='ocrx_word' id='word_1_303' title='bbox 1593 2846 1708 2902; x_wconf 81' lang='lat' dir='ltr'>Quia</span> <span class='ocrx_word' id='word_1_304' title='bbox 1748 2847 1899 2903; x_wconf 81' lang='lat' dir='ltr'>igitur,</span> 
     </span>
    </p>
   </div>
   <div class='ocr_carea' id='block_1_5' title="bbox 377 2992 1523 3040">
    <p class='ocr_par' dir='ltr' id='par_1_5' title="bbox 377 2992 1523 3040">
     <span class='ocr_line' id='line_1_35' title="bbox 377 2992 1523 3040; baseline -0.002 -12"><span class='ocrx_word' id='word_1_305' title='bbox 377 2993 421 3028; x_wconf 89' lang='lat' dir='ltr'>V.</span> <span class='ocrx_word' id='word_1_306' title='bbox 447 2994 491 3027; x_wconf 86' lang='lat' dir='ltr'>R.</span> <span class='ocrx_word' id='word_1_307' title='bbox 511 3013 554 3020; x_wconf 92' lang='lat'>—</span> <span class='ocrx_word' id='word_1_308' title='bbox 575 2993 792 3040; x_wconf 82' lang='lat' dir='ltr'>²(auferuut</span> <span class='ocrx_word' id='word_1_309' title='bbox 809 2994 921 3028; x_wconf 87' lang='lat' dir='ltr'>etiam</span> <span class='ocrx_word' id='word_1_310' title='bbox 942 3013 986 3019; x_wconf 94' lang='lat'><strong>—</strong></span> <span class='ocrx_word' id='word_1_311' title='bbox 1007 2993 1075 3027; x_wconf 85' lang='lat' dir='ltr'>hec</span> <span class='ocrx_word' id='word_1_312' title='bbox 1097 2999 1185 3027; x_wconf 82' lang='lat' dir='ltr'>sunt</span> <span class='ocrx_word' id='word_1_313' title='bbox 1204 2992 1370 3038; x_wconf 83' lang='lat' dir='ltr'>notoria)</span> <span class='ocrx_word' id='word_1_314' title='bbox 1390 3004 1460 3027; x_wconf 87' lang='lat' dir='ltr'>om.</span> <span class='ocrx_word' id='word_1_315' title='bbox 1482 2993 1523 3026; x_wconf 90' lang='lat' dir='ltr'>F.</span> 
     </span>
    </p>
   </div>
   <div class='ocr_carea' id='block_1_6' title="bbox 381 3109 1903 3209">
    <p class='ocr_par' dir='ltr' id='par_1_6' title="bbox 381 3109 1903 3209">
     <span class='ocr_line' id='line_1_36' title="bbox 427 3109 1903 3195; baseline -0.001 -50"><span class='ocrx_word' id='word_1_316' title='bbox 427 3112 602 3195; x_wconf 65' lang='grc' dir='ltr'>α1.819ἳὲοἱί.</span> <span class='ocrx_word' id='word_1_317' title='bbox 622 3112 667 3153; x_wconf 83' lang='grc' dir='ltr'>Χ,</span> <span class='ocrx_word' id='word_1_318' title='bbox 691 3114 725 3148; x_wconf 87' lang='lat'>8.</span> <span class='ocrx_word' id='word_1_319' title='bbox 749 3131 793 3138; x_wconf 94' lang='lat'><strong>—</strong></span> <span class='ocrx_word' id='word_1_320' title='bbox 817 3111 852 3147; x_wconf 86' lang='lat' dir='ltr'>b.</span> <span class='ocrx_word' id='word_1_321' title='bbox 876 3111 912 3147; x_wconf 94' lang='lat' dir='ltr'>S.</span> <span class='ocrx_word' id='word_1_322' title='bbox 935 3111 1139 3158; x_wconf 86' lang='lat' dir='ltr'>Augustini</span> <span class='ocrx_word' id='word_1_323' title='bbox 1159 3113 1299 3152; x_wconf 84' lang='lat' dir='ltr'>Sermo,</span> <span class='ocrx_word' id='word_1_324' title='bbox 1322 3110 1507 3152; x_wconf 86' lang='lat' dir='ltr'>LXXVII,</span> <span class='ocrx_word' id='word_1_325' title='bbox 1530 3111 1573 3144; x_wconf 90' lang='lat' dir='ltr'>P.</span> <span class='ocrx_word' id='word_1_326' title='bbox 1607 3112 1661 3151; x_wconf 66' lang='lat' dir='ltr'>L„</span> <span class='ocrx_word' id='word_1_327' title='bbox 1684 3114 1711 3144; x_wconf 86' lang='lat' dir='ltr'>t.</span> <span class='ocrx_word' id='word_1_328' title='bbox 1737 3109 1903 3150; x_wconf 91' lang='lat' dir='ltr'>XXXIX,</span> 
     </span>
     <span class='ocr_line' id='line_1_37' title="bbox 381 3172 546 3209; baseline 0.006 -17"><span class='ocrx_word' id='word_1_329' title='bbox 381 3172 418 3209; x_wconf 81' lang='lat' dir='ltr'>p.</span> <span class='ocrx_word' id='word_1_330' title='bbox 541 3186 546 3193; x_wconf 86' lang='lat'>-</span> 
     </span>
    </p>
   </div>
  </div>
 </body>
</html>
