2314 3736
1094 333 1306 375 -96-

436 444 463 469 α
485 426 600 470 vobis
618 440 631 467 .·
652 435 693 468 et
710 441 806 467 eum
832 424 1224 482 multiplicaveritis
1250 427 1475 466 oraciones
1503 434 1686 478 vestras,
1715 440 1800 467 non
1826 441 1958 468 exau-

435 498 554 540 diam
588 511 691 548 vos‚·
718 511 871 538 manus
898 498 1010 537 enim
1037 497 1250 552 sanguine
1270 494 1399 552 plene
1424 504 1527 537 sunt
1541 493 1572 548 d,
1606 500 1649 537 e't
1670 495 1876 541 proverb.
1905 498 1924 539 1
1946 512 1955 539 :

445 569 596 611 Vocavi
610 577 651 609 et
675 569 881 609 renuistis
894 581 910 619 ;
924 576 967 607 et
984 564 1182 623 sequitur
1200 581 1208 607 ε
1235 565 1418 622 Quando
1433 571 1570 608 veniet
1581 581 1711 624 super·
1731 581 1802 609 vos
1822 567 1959 610 tribu-

436 640 563 692 lacio,
593 648 633 681 et
654 640 876 696 angustia,
901 636 1150 679 clamabitis
1174 636 1235 678 ad
1260 637 1415 690 Deam,
1448 646 1489 678 et
1515 652 1599 678 non
1628 638 1836 680 exaudiet
1860 652 1959 691 9085

433 712 540 768 quia
577 725 754 751 exosam
790 707 1002 750 habuistis
1043 707 1320 764 disciplinam
1352 708 1445 760 Dei,
1480 717 1521 749 et
1557 710 1751 751 timorem
1787 709 1964 751 Domini

436 796 522 823 non
547 778 836 838 suscepistis-⁶,
860 794 938 821 nec
957 781 1228 837 acquievistis
1253 778 1430 820 consilio
1453 778 1561 820 bono
1576 783 1604 820 θ.

498 909 579 956 11.
615 910 654 952 O
682 908 859 951 domine
881 907 940 950 mi
962 923 1051 959 rex,
1076 906 1183 950 scire
1203 906 1335 949 debes
1361 907 1480 965 quod
1507 906 1552 949 in
1574 907 1858 950 multitudine
1878 923 1958 968 po·

435 981 527 1040 puli
555 979 743 1038 dignitas
771 990 843 1021 tua
871 978 1070 1021 consistit
1096 989 1138 1020 et
1164 977 1208 1020 in
1235 977 1450 1036 paucitate
1481 977 1619 1036 plebis
1646 978 1888 1037 ignomina‚
1911 990 1961 1022 ut

433 1051 594 1094 dicitur
630 1052 836 1094 Proverb.
873 1049 964 1107 xiiij
979 1054 1012 1093 ⁰.
1050 1049 1136 1091 Sed
1165 1048 1229 1090 illi
1257 1048 1311 1091 de
1342 1048 1504 1091 familia
1539 1059 1628 1102 tua,
1667 1049 1742 1108 qui
1779 1049 1960 1108 capiunt

433 1123 546 1165 bona
587 1121 728 1180 aliqua
765 1131 914 1163 contra
956 1119 1237 1162 dominorum
1276 1119 1565 1172 voluntatem,
1602 1130 1646 1162 et
1682 1119 1742 1162 eis
1781 1135 1959 1164 consen·

431 1193 592 1236 cientes
626 1192 668 1234 in
703 1191 880 1235 veritate
910 1207 996 1233 non
1025 1201 1128 1233 sunt
1156 1190 1210 1232 de
1238 1189 1399 1232 familia
1432 1189 1530 1232 licet
1560 1190 1790 1233 videantur
1815 1201 1859 1233 et
1894 1190 1959 1234 di·

432 1275 586 1307 cantur
605 1263 658 1306 de
679 1262 842 1304 familia
865 1273 952 1304 tua.
985 1263 1077 1303 Hoc
1098 1262 1234 1320 probo
1264 1260 1338 1303 sic.
1364 1261 1471 1303 Nam
1499 1260 1545 1303 in
1573 1260 1860 1304 multitudine
1884 1277 1958 1320 po·

434 1333 527 1393 puli
555 1332 715 1375 dicitur
741 1331 899 1374 fiducia
926 1331 1036 1390 regis
1058 1342 1100 1373 et
1128 1330 1354 1373 fortitudo.
1380 1329 1465 1372 Sed
1487 1329 1614 1372 etiam
1644 1330 1690 1372 in
1717 1330 1898 1373 veritate
1918 1341 1961 1374 et

435 1405 591 1447 timore
629 1403 809 1446 Domini
842 1413 906 1444 est
943 1402 1100 1444 fiducia
1138 1400 1424 1452 fortitudinis,
1457 1411 1505 1443 ut
1548 1400 1711 1443 dicitur
1749 1401 1956 1444 Proverb.

434 1475 525 1533 xiiij
542 1473 571 1520 ⁶.
612 1476 725 1518 Cum
757 1489 859 1532 ergo
891 1472 1108 1532 capientes
1141 1473 1255 1514 bona
1287 1471 1473 1514 aliorum
1506 1483 1655 1514 contra
1689 1471 1958 1514 voluntatem

434 1562 586 1589 eorum
614 1561 702 1589 non
733 1545 894 1587 habent
920 1544 1119 1586 timorem
1142 1542 1337 1594 Domini,
1359 1554 1408 1585 ut
1434 1542 1634 1602 superius
1655 1553 1719 1585 est
1740 1553 1955 1594 notatum,

433 1617 536 1676 quia
581 1620 710 1660 timor
747 1618 922 1658 Domini
963 1615 1142 1673 expellit
1181 1623 1419 1673 peccatum,
1458 1624 1507 1656 ut
1548 1613 1709 1656 dicitur
1755 1612 1960 1656 Ecclesia·

434 1688 527 1732 stic.
555 1690 618 1730 1⁶.
640 1686 924 1745 Relinquitur
949 1701 1049 1744 ergo
1067 1684 1186 1743 quod
1208 1701 1294 1727 non
1322 1695 1426 1727 sunt
1445 1684 1498 1726 de
1526 1683 1684 1726 familia
1715 1695 1786 1726 tua
1810 1699 1887 1726 nec
1907 1682 1961 1725 de

434 1758 599 1819 populo
627 1769 703 1801 tuo
729 1769 772 1801 et
797 1768 974 1817 propter
1005 1755 1256 1813 hujusmodi
1289 1754 1462 1813 rapinas
1489 1766 1531 1797 et
1566 1754 1808 1812 injusticias
1833 1752 1958 1812 quasi

434 1841 551 1873 totus
594 1829 784 1889 populus
824 1828 1023 1871 tristatur
1054 1837 1201 1869 contra
1248 1826 1481 1869 adventum
1527 1837 1652 1868 tuum
1691 1825 1959 1884 ubicumque

433 1901 602 1945 veneris
629 1901 673 1943 in
695 1916 878 1959 regnum
909 1910 1034 1941 tuum
1056 1909 1099 1940 et
1119 1908 1260 1940 tecum
1285 1913 1371 1939 non
1389 1908 1491 1939 sunt
1513 1908 1672 1948 mente,
1693 1896 1794 1938 licet
1816 1907 1958 1938 tecum

433 1972 663 2015 videantur
694 1987 891 2030 corpore,
925 1981 968 2012 et
996 1969 1122 2019 forte,
1158 1968 1194 2011 si
1225 1980 1356 2026 caput
1381 1968 1499 2011 aliud
1527 1968 1739 2010 haberent
1765 1967 1960 2026 insurge-

435 2054 531 2085 rent
565 2054 715 2085 contra
750 2053 806 2095 te,
838 2041 947 2084 sicut
973 2051 1120 2083 contra
1158 2050 1323 2098 patrem
1365 2050 1488 2081 tuum
1518 2038 1727 2090 fecerunt,
1752 2049 1793 2080 et
1821 2035 1958 2080 sicut¹

434 2114 478 2156 in
508 2114 685 2156 veritate
703 2129 789 2155 non
819 2112 998 2154 haberes
1026 2122 1167 2153 tecum
1195 2109 1414 2169 aliquam'
1435 2109 1585 2168 populi
1609 2108 1955 2151 multitudinem.

437 2185 523 2227 Sed
549 2185 583 2227 si
612 2185 791 2226 haberes
814 2195 983 2226 tantum
1011 2186 1113 2224 xxxa
1139 2181 1204 2224 vel
1225 2187 1293 2224 xi,1¹
1322 2180 1521 2223 homines
1542 2191 1683 2222 tecum
1714 2179 1768 2221 de
1795 2178 1959 2220 familia

437 2267 508 2299 tua
531 2257 686 2309 bonos,
710 2267 752 2297 et
780 2271 867 2297 non
896 2255 1000 2297 tales
1029 2254 1105 2312 qui
1134 2253 1322 2296 facerent
1354 2250 1608 2309 hujusmodi
1635 2250 1824 2309 rapinas,
1855 2260 1960 2292 tunc

437 2328 615 2370 haberes
637 2338 779 2369 tecum
809 2337 942 2368 totam
970 2337 1127 2368 terram
1155 2335 1197 2366 et
1223 2323 1282 2366 sic
1302 2322 1553 2381 adquireres
1574 2320 1725 2380 popui
1755 2319 1957 2362 multitu-

435 2397 582 2440 dinem
616 2396 661 2439 in
690 2411 851 2448 amore,
888 2407 930 2438 et
955 2395 1095 2448 aliter,
1130 2394 1252 2437 nullo
1279 2392 1424 2435 modo.
1451 2393 1506 2434 Et
1532 2403 1578 2434 tu
1608 2407 1697 2442 rex,
1728 2389 1960 2448 diligenter

434 2468 548 2522 vide,
571 2478 614 2510 et
639 2466 833 2525 intellige
858 2466 966 2525 quid
985 2465 1140 2509 accidit
1167 2464 1254 2524 regi
1282 2462 1658 2522 Nabugodonozor
1682 2471 1726 2504 et
1745 2460 1836 2502 filio
1863 2461 1958 2517 ejus

438 2538 674 2590 Balthasar,
698 2539 810 2581 Dan.
839 2536 1042 2596 capitulis
1063 2536 1108 2594 iij
1133 2547 1175 2578 et
1194 2551 1235 2579 ν.

497 2667 578 2715 12.
618 2668 657 2710 O
684 2666 861 2710 domine
897 2666 955 2709 mi
990 2681 1081 2720 rex,
1110 2664 1213 2709 audi
1250 2680 1368 2708 nunc
1398 2662 1645 2722 cujusmodi
1680 2660 1889 2721 iniquitas
1914 2671 1958 2704 et

437 2817 451 2840 ⁸
480 2817 716 2859 custodistis,
737 2817 810 2859 Cl.,
830 2815 877 2851 V.
897 2817 942 2851 R.

483 2912 555 2950 11.
583 2933 628 2941 -
647 2914 659 2937 ¹
676 2913 742 2954 sic,
763 2912 837 2954 CL,
860 2911 905 2948 V.
926 2911 970 2946 Β.
992 2931 1039 2939 -
1058 2910 1301 2958 ²aliquando,
1325 2910 1399 2951 Cl..
1422 2909 1469 2945 V.
1496 2909 1540 2945 Β.

438 3032 469 3075 1,
491 3033 549 3067 15.
572 3052 609 3059 -
636 3043 669 3067 e.
692 3031 803 3066 Prov.
833 3031 862 3073 1,
886 3031 944 3071 24,
967 3031 1024 3071 27,
1048 3031 1104 3070 28,
1126 3030 1182 3071 29,
1202 3031 1261 3065 30.

490 3139 525 3162 α.
557 3128 667 3162 Prov.
693 3126 791 3167 XIV,
819 3128 875 3162 28.
900 3146 943 3154 -
971 3125 1005 3160 b.
1029 3126 1140 3160 Prov.
1164 3124 1262 3166 XIV,
1283 3125 1340 3161 26.
1364 3142 1408 3151 —
1430 3135 1461 3159 c.
1483 3123 1598 3158 Eccli.
1618 3121 1648 3164 1,
1671 3124 1728 3160 27.
