2444 3750
1238 345 1445 386 ‚40-

576 461 820 519 timorem,
843 461 1066 509 omnibus
1092 463 1184 510 reis
1211 464 1425 522 incussit,
1460 465 1520 511 ita
1554 473 1604 511 ut
1633 465 1677 511 in
1701 474 1945 529 posterum
1969 484 1994 513 a
2025 483 2095 515 re-

576 547 665 595 bus
686 548 850 596 alienis
871 549 1151 614 diripiendis
1172 552 1372 599 ministri
1392 553 1506 617 regii
1528 569 1632 599 sese
1646 563 1940 602 coercerent.

642 637 734 684 Sed
755 655 884 695 mox,
905 639 1060 686 omnis
1082 639 1225 687 fracta
1255 640 1519 688 moderatio
1546 650 1620 688 est
1648 640 1877 689 effrenata
1911 643 2097 708 cupidi-

574 725 683 772 date
705 724 913 773 habendi
938 735 987 774 et
1006 728 1232 787 extincta,
1261 730 1385 793 regis
1406 729 1624 776 Edwardi
1654 729 1863 778 levitate.
1897 751 1918 775 «
1949 735 2096 780 Tanta

574 814 703 860 enim
724 815 772 861 in
793 814 960 862 diebus
981 816 1084 878 ejus
1102 818 1286 864 caristia
1307 818 1449 864 tritici
1468 817 1572 876 fuit,
1602 827 1779 883 quanta
1819 836 1844 865 a
1870 828 2000 866 retro
2020 836 2098 867 se-
2119 848 2121 851 ·

575 902 696 949 culis
725 903 819 950 visa
854 904 932 950 vix
967 903 1126 952 fuerit.
1161 909 1296 953 Tunc
1332 905 1674 953 decimationes
1705 907 1859 971 juges,
1882 907 2099 956 assiduae

578 990 978 1050 contributioneS,
1022 994 1356 1058 temporalium
1403 1003 1451 1042 et
1489 995 1805 1059 spiritualium
1843 997 2098 1044 continuae

578 1079 936 1144 expilationes¹.
990 1100 1011 1124 »
1069 1083 1260 1147 Quippe
1305 1084 1506 1148 Hospitii
1551 1085 1675 1148 regis
1718 1085 1935 1148 provisor
1977 1086 2116 1150 ipse„

580 1170 768 1216 tametsi
804 1169 1078 1216 Londinum
1118 1172 1334 1218 maximis
1363 1171 1741 1219 immunitatibus
1775 1171 1864 1219 frui
1900 1172 2095 1231 sciebat,

578 1257 641 1304 ibi
674 1266 854 1316 tamen,
884 1259 931 1304 in
967 1268 1224 1324 conspectu
1253 1261 1469 1306 omnium
1498 1261 1670 1308 civium
1701 1269 1748 1308 et
1782 1262 1927 1326 ipsius
1953 1262 2096 1326 regis,

577 1364 721 1393 ausus
741 1356 814 1394 est
833 1348 1421 1412 procurationumjuribus
1441 1348 1589 1396 abuti.
1612 1353 1750 1396 Anno
1763 1350 1891 1396 enim
1911 1349 2098 1396 decimo

578 1444 748 1483 octavo
778 1437 931 1500 regni,
955 1453 1109 1501 poena
1137 1438 1340 1484 carceris
1361 1438 1620 1485 constituta
1646 1446 1718 1485 est
1756 1439 1802 1484 in
1831 1438 2099 1486 venditores

578 1525 795 1589 piscium,
825 1526 908 1588 qui
939 1526 1094 1590 pisces
1127 1526 1224 1572 sive
1250 1543 1307 1573 ex
1342 1527 1477 1591 aquis
1509 1525 1744 1583 dulcibus,
1781 1527 1878 1574 sive
1912 1543 1971 1574 ex
2002 1544 2095 1574 ma-

578 1612 695 1658 rinis
740 1611 958 1671 eductos,
1003 1614 1321 1669 monasteriis,
1363 1613 1586 1672 castelliS,
1632 1612 1853 1660 domibus
1890 1613 2099 1678 denique

543 1729 545 1731 -
580 1708 713 1746 extra
747 1700 1022 1747 Londinum
1057 1702 1237 1766 positis,
1266 1709 1348 1748 aut
1374 1702 1461 1767 ipsi
1491 1701 1735 1760 afferrent,
1767 1710 1849 1748 aut
1879 1701 2099 1749 ferendos

578 1788 681 1836 aliis
714 1788 960 1855 quibusvis
979 1791 1353 1850 committerent,
1383 1791 1660 1856 priusquam
1685 1792 1842 1838 omnia
1871 1807 1993 1856 quae
2013 1808 2097 1838 vo-

577 2085 651 2123 pur
680 2070 801 2122 prises
832 2078 869 2108 et
899 2070 1070 2108 diverses
1101 2071 1345 2122 oppressions
1375 2070 1483 2109 faites
1508 2071 1592 2108 einz
1618 2083 1680 2108 ces
1706 2070 1857 2118 heures,
1883 2080 2100 2110 nomement

577 2143 651 2181 pur
671 2142 739 2167 ceo
756 2142 804 2180 qe
824 2129 1020 2174 autrefoiz,
1045 2130 1155 2167 estoit
1174 2130 1332 2167 ordeine
1350 2143 1398 2181 qe
1419 2137 1526 2167 notre
1544 2130 1699 2180 seignur
1712 2130 1746 2167 le
1763 2130 1848 2174 [ἰοὶ.
1862 2130 2031 2181 vesquist
2051 2132 2099 2169 de

577 2202 682 2232 soen,
706 2201 821 2226 saunz
842 2188 962 2239 prises
983 2188 1089 2232 faire,
1106 2197 1233 2227 autres
1248 2202 1322 2240 que
1342 2189 1395 2227 les
1415 2189 1639 2226 auntiennes
1655 2189 1750 2226 dues
1764 2197 1800 2226 et
1819 2197 2096 2234 acoustumeez,

576 2256 612 2285 et
633 2255 731 2285 totes
750 2255 876 2284 autres
896 2260 935 2284 se
957 2248 1191 2292 ceissassent‚
1215 2256 1252 2285 et
1272 2261 1374 2285 noun
1392 2261 1459 2299 pas
1479 2261 1553 2298 pur
1572 2261 1652 2290 ceo,
1677 2247 1798 2298 prises
1815 2256 1900 2316 ”Vn
1921 2248 2028 2285 suites
2050 2249 2098 2286 de

571 2305 663 2357 jour
682 2318 730 2343 en
746 2304 849 2356 jour,
870 2313 1028 2344 countre
1042 2306 1094 2344 cel
1115 2306 1390 2350 ordeinement,
1412 2319 1519 2344 come
1539 2314 1694 2350 avaunt‚
1713 2307 2033 2349 nousordeinons
2053 2320 2099 2358 qe

575 2373 672 2403 totes
690 2365 810 2414 prises
830 2373 977 2402 cessent
996 2366 1244 2410 desoresmes‚
1262 2378 1399 2403 sauves
1415 2365 1465 2403 les
1486 2365 1605 2416 prises
1622 2365 1837 2409 anciennes‚
1855 2365 2095 2412 droitureles,

576 2431 613 2461 et
634 2425 731 2461 dues
749 2423 883 2471 aui-oi,
901 2431 937 2461 et
956 2437 996 2461 as
1011 2432 1150 2468 autres,
1171 2438 1211 2461 as
1231 2438 1360 2474 queux
1373 2424 1448 2461 eles
1463 2433 1548 2462 sont
1569 2425 1665 2461 dues
1677 2425 1724 2461 de
1745 2423 1858 2462 droit.
1880 2427 1923 2461 Et
1942 2425 1972 2462 si
1993 2424 2099 2462 nules

576 2482 697 2534 prises
719 2495 757 2519 se
778 2482 901 2519 facent
920 2491 1128 2520 encountre
1148 2483 1437 2520 l’ordeinement
1456 2483 1591 2527 susdit‚
1613 2495 1682 2533 par
1702 2482 1766 2533 qui
1797 2495 1844 2533 qe
1868 2495 1911 2520 ce
1938 2483 2023 2527 soit,
2047 2496 2098 2520 ou

576 2543 625 2579 de
644 2541 755 2591 quele
777 2541 981 2578 condicion
1002 2541 1092 2592 qu'il
1114 2542 1188 2579 soit
1207 2555 1216 2591 3
1238 2541 1329 2579 c'est
1350 2541 1515 2588 asavoir,
1539 2542 1570 2578 si
1591 2541 1670 2588 nul,
1694 2555 1764 2592 par
1789 2541 1921 2588 colour
1941 2542 1989 2579 de
2010 2555 2097 2593 pur-

576 2612 744 2637 veaunce
766 2600 856 2637 faire
882 2614 903 2637 a
923 2600 1042 2650 l’oeps
1061 2608 1167 2638 notre
1194 2601 1349 2650 seignur
1370 2601 1403 2638 le
1438 2600 1510 2642 roi.
1533 2613 1584 2638 ou
1611 2613 1631 2637 a
1664 2601 1778 2644 autri,
1805 2613 1975 2650 prengne
2001 2600 2095 2648 blez,

576 2671 691 2707 merz,
715 2658 1026 2696 marchaundises
1046 2672 1095 2695 ou
1120 2667 1246 2696 autres
1277 2671 1427 2696 manere
1449 2659 1498 2696 de
1522 2659 1643 2703 biens,
1670 2666 1800 2696 contre
1821 2658 1855 2695 la
1876 2659 2030 2696 volunte
2050 2660 2099 2697 de

575 2730 673 2754 ceux
692 2731 713 2754 a
733 2717 800 2767 qui
815 2717 841 2754 il
858 2724 957 2760 sont.
978 2725 1014 2755 et
1034 2731 1080 2755 ne
1101 2716 1217 2755 rende
1238 2717 1470 2755 maintenant
1493 2717 1548 2755 les
1566 2717 1734 2764 deniers,
1757 2731 1779 2754 a
1805 2717 1839 2754 la
1860 2717 2008 2756 verroie
2029 2730 2097 2755 va-

576 2775 651 2822 lue,
671 2774 729 2813 s'il
752 2788 799 2813 ne
819 2776 945 2826 puisse
964 2777 1013 2813 de
1038 2776 1117 2813 cela
1139 2776 1247 2814 avoir
1270 2777 1386 2827 respit
1410 2777 1458 2813 de
1482 2776 1514 2813 la
1539 2776 1635 2813 bone
1657 2775 1824 2820 volunte,
1849 2775 1882 2813 le
1908 2777 2095 2823 vendour‚

575 2834 707 2872 solunc
727 2847 770 2872 ce
790 2847 838 2885 qe
858 2842 913 2871 est
933 2834 1098 2885 compris
1117 2835 1212 2872 dans
1235 2835 1269 2872 la
1293 2836 1446 2873 Grande
1475 2835 1626 2878 Charte,
1657 2835 1725 2872 des
1755 2834 1874 2884 prises
1903 2835 2011 2872 saites
2030 2847 2099 2886 par

575 2893 808 2930 conestables
841 2894 908 2930 des
928 2893 1112 2931 chateaux
1135 2902 1171 2931 et
1198 2894 1297 2931 leurs
1318 2893 1504 2933 bailliss...
1529 2894 1634 2931 nient
1662 2902 1792 2931 contre
1821 2901 1965 2930 estante
1994 2905 2097 2930 com-

577 2951 731 2989 mission
755 2951 822 3002 q'il
844 2951 908 2996 eit,
931 2951 1004 2989 soit
1024 2952 1128 2990 levee
1149 2965 1214 2990 sur
1234 2952 1274 2997 li,
1299 2952 1332 2989 la
1353 2965 1484 2991 menee
1505 2965 1574 3003 par
1595 2954 1680 2989 Hue
1700 2960 1736 2990 et
1755 2952 1855 2998 Crie‚
1879 2959 1915 2989 et
1935 2965 2097 2990 meucsa

576 3010 610 3047 la
630 3010 853 3061 prescheine
873 3010 980 3060 gaole
1001 3010 1035 3048 le
1056 3011 1126 3056 roi,
1150 3019 1187 3049 et
1206 3011 1254 3048 de
1283 3011 1335 3049 lui
1365 3011 1438 3050 soit
1468 3012 1556 3050 saite
1587 3024 1786 3050 commune
1814 3010 1876 3056 lei,
1899 3024 2005 3049 come
2032 3024 2095 3048 ro·

577 3069 711 3113 beour.
735 3077 771 3106 et
789 3070 838 3107 de
859 3070 1013 3108 laron...

637 3129 670 3165 1.
704 3128 857 3166 Henrici
880 3127 1077 3179 Knighton
1104 3130 1299 3177 chronica,
1326 3129 1397 3169 loc.
1421 3129 1484 3169 cit.

2389 135 2400 174 J
2411 135 2431 161 1>-

2384 199 2444 283 “¹in

2427 282 2444 378 ἐ,
