2444 3750
1303 403 1516 443 -7-2...

647 520 858 567 rationes
877 528 927 567 et
945 520 1118 585 prisae,
1146 519 1192 567 id
1223 537 1371 567 unum
1397 519 1701 568 attendamus
1723 537 1734 567 :
1758 521 1804 566 in
1825 520 2046 568 omnibus
2069 521 2169 569 fere

647 607 861 655 conciliis
887 607 1221 671 hujuscemodi
1253 609 1396 656 trium
1423 609 1666 667 ordinum,
1697 625 1821 673 quae
1852 617 1959 673 post
1989 626 2171 656 annum

654 699 773 744 1356
796 695 955 743 habita
973 705 1103 755 sunt,
1122 696 1252 744 hune
1269 697 1494 745 eumdem
1514 697 1769 762 pristinum
1789 713 1970 744 morem
1995 713 2169 762 procu-

649 785 910 843 rationum,
952 801 1138 832 summa
1176 786 1434 832 acrimonia
1470 786 1811 850 vituperatum,
1848 793 1895 832 et
1927 786 2172 832 communi

648 874 866 920 omnium
883 890 1120 920 consensu
1142 873 1451 939 reprobatum
1469 890 1572 920 esse
1585 874 1617 921 ¹.

714 961 839 1022 Quid
866 978 980 1026 ergo
1000 963 1019 1008 Ρ
1038 965 1285 1009 Tenentur
1310 963 1453 1009 etiam
1473 978 1609 1026 reges
1629 962 1798 1020 nostri,
1821 970 1869 1009 et
1895 962 1943 1007 in
1965 962 2169 1009 vexatio-

651 1049 807 1102 nibus,
834 1049 1078 1114 cogendae
1097 1051 1328 1115 pecuniae
1355 1067 1516 1108 causa,
1547 1059 1648 1097 tum
1669 1050 1871 1114 magnis,
1894 1058 1996 1096 tum
2018 1050 2171 1096 mani-

649 1137 781 1185 festis
805 1146 1050 1185 tenentur.
1079 1142 1234 1202 Atque
1256 1139 1304 1184 in
1339 1139 1566 1185 maximas
1586 1137 1780 1203 quidem
1795 1138 2032 1203 prisarum
2053 1137 2171 1200 inju-

650 1225 743 1272 rias
777 1225 912 1272 nobis
933 1226 1122 1273 videtur
1153 1226 1400 1292 Philippus
1421 1230 1486 1273 VI
1507 1226 1745 1283 incidisse,
1770 1227 1832 1273 ita
1864 1235 1933 1284 ut,
1956 1226 2173 1290 quamvis

655 1313 948 1361 moderatior
979 1323 1027 1361 et
1046 1314 1302 1362 humanior
1321 1314 1555 1362 Edwardo
1575 1318 1659 1372 III,
1683 1323 1843 1362 tamen
1863 1331 1975 1361 eum
1995 1315 2090 1372 vix,
2119 1322 2172 1361 ut

652 1403 859 1461 videtur,
887 1403 1231 1468 parcimoniam
1251 1402 1424 1450 docere
1444 1403 1671 1467 potuerit.

708 1581 744 1619 1.
779 1581 1049 1618 Ordonnances
1069 1581 1122 1618 du
1143 1586 1297 1629 Louvre,
1321 1588 1348 1619 t.
1367 1582 1437 1627 111,
1452 1593 1519 1632 pp.
1541 1581 1631 1628 121,
1649 1581 1737 1628 122,
1754 1581 1847 1626 219,
1865 1581 1956 1627 433,
1970 1581 2060 1626 535,
2074 1581 2171 1626 646;

652 1647 680 1680 t.
705 1641 771 1690 IV,
796 1652 863 1691 pp.
893 1641 984 1688 187,
1003 1641 1092 1688 589,
1119 1642 1220 1690 6903
1244 1648 1273 1678 t.
1296 1642 1343 1684 V,
1365 1653 1405 1692 p.
1430 1641 1503 1685 83;
1526 1647 1552 1679 t.
1579 1641 1646 1687 VI,
1666 1652 1732 1690 pp.
1758 1641 1823 1686 68,
1848 1641 1936 1684 164.
1962 1639 2053 1686 363,
2076 1646 2148 1676 etc.
