2314 3736
1092 303 1330 347 —160—

442 392 620 446 auratis,
651 391 758 452 ipsa,
795 391 839 434 in
870 392 1062 435 vestibus
1096 392 1365 448 dilaceratis;
1397 404 1460 446 tu,
1494 394 1737 449 habundas,
1777 397 1867 457 ipsa
1901 398 1964 443 in-

442 463 584 522 diget3
617 474 681 516 tu,
706 474 825 506 tenes
852 462 1097 522 hospicium
1115 478 1214 506 cum
1233 463 1445 507 militibus
1466 476 1509 507 et
1528 465 1641 522 aliis,
1665 482 1744 526 pro
1771 468 1964 514 delicatis
2008 481 2012 485 ’

441 535 613 577 cibariis
633 533 940 593 gaudentibus,
965 534 1056 592 ipsa
1081 545 1199 576 tenet
1225 534 1471 593 hospicium
1492 551 1591 579 cum
1613 538 1759 596 pueris
1774 539 1864 583 suis
1884 556 1965 600 pro

441 605 611 648 defectu
640 605 763 664 panis
791 604 1163 648 lachrimantibus.
1197 605 1347 659 Quero
1374 622 1395 649 a
1429 617 1500 649 te:
1530 623 1613 666 qua
1644 608 1837 663 audacia,
1880 627 1965 670 qua

442 676 698 727 temeritate,
729 692 817 734 quo
849 675 1075 729 instinctu,
1099 676 1232 718 audes
1261 677 1484 720 comedere
1504 678 1557 720 de
1582 679 1657 722 tali
1677 680 1869 739 gallina?
1900 683 1965 725 De

442 747 697 804 hujusmodi
729 746 901 805 gallinis
938 757 980 789 et
1017 747 1151 800 aucis,
1184 746 1238 789 de
1269 748 1421 790 ceteris
1453 749 1584 791 rebus
1623 751 1821 805 extortis,
1863 752 1964 796 facis

441 817 545 859 festa
574 828 664 871 tua,
699 817 854 876 gaudia
887 828 929 859 et
954 817 1134 871 cantica,
1177 817 1251 860 sed
1285 818 1491 876 promitto
1528 819 1623 871 tibi,
1665 821 1783 879 quod
1819 823 1964 866 omnia

439 887 538 930 talia
559 898 868 930 convertentur
889 886 932 929 in
960 886 1126 930 luctum
1157 898 1200 929 et
1225 887 1434 940 dolorem,
1466 888 1549 931 nisi
1577 891 1814 934 remedium
1834 908 1966 951 super

438 958 520 1000 hoc
557 957 688 1001 cicius
725 968 996 1017 apponatur;
1046 959 1170 1015 juxta
1211 958 1342 1012 illud,
1387 960 1519 1002 Amos
1557 977 1656 1004 vm:
1705 963 1962 1006 Convertam

431 1030 695 1087 festivitates
734 1039 902 1072 vestras
936 1034 980 1070 in
1019 1029 1193 1083 luctum,
1234 1039 1275 1072 et
1314 1036 1456 1072 omnia
1494 1035 1667 1074 cantica
1713 1043 1872 1087 vestra,
1918 1037 1963 1076 in

428 1100 652 1158 planctum
666 1104 699 1142 α.
725 1100 832 1141 Tale
852 1099 1060 1158 gaudium
1085 1100 1343 1143 terminatur
1372 1101 1425 1143 ad
1453 1113 1651 1145 eternum
1677 1103 1958 1162 supplicium,

436 1181 486 1213 ut
521 1170 753 1213 delectacio
789 1171 980 1212 scabiosa
1008 1169 1061 1212 ad
1092 1170 1313 1213 dolorem:
1353 1173 1449 1214 Job.
1486 1189 1611 1215 xxxi:
1654 1175 1817 1218 Tenent
1850 1185 1962 1232 tym-

429 1257 613 1300 panum,
643 1251 685 1284 et
721 1241 967 1297 cytharam,
999 1251 1039 1283 et
1060 1243 1255 1299 gaudent
1285 1243 1347 1284 ad
1372 1246 1557 1286 sonitum
1587 1248 1758 1303 organi.
1789 1247 1963 1289 Ducunt

438 1317 482 1354 in
497 1312 616 1355 bonis
637 1313 728 1354 dies
747 1328 863 1365 suos,
885 1321 925 1354 et
945 1315 989 1354 in
1000 1322 1156 1370 puncto
1179 1314 1241 1355 ad
1258 1314 1429 1372 inferna
1441 1315 1720 1359 descendunt.
1745 1317 1834 1374 Qui
1843 1317 1960 1359 dixe-

437 1393 542 1425 runt
571 1384 689 1425 Deo:
716 1383 880 1425 Recede
921 1399 950 1424 a
979 1383 1115 1436 nobis,
1158 1387 1387 1426 scienciam
1423 1391 1587 1427 viarum
1617 1395 1796 1428 tuarum
1840 1387 1960 1429 nolu-

437 1470 531 1495 mus
544 1451 574 1497 ¹².
612 1453 720 1496 Isaie
754 1470 910 1496 xxxin:
956 1454 1010 1496 Ve
1037 1457 1116 1513 qui
1126 1455 1350 1512 predariS,
1387 1472 1529 1498 nonne
1562 1466 1602 1498 et
1634 1460 1723 1515 ipse
1751 1458 1959 1515 depreda-

436 1524 550 1567 beris
574 1526 598 1566 P
653 1525 707 1567 Ve
762 1528 837 1583 qui
883 1528 1067 1583 sperni5‚
1121 1541 1261 1567 nonne
1316 1535 1358 1568 et
1406 1532 1495 1584 ipse
1541 1534 1761 1586 sperneris
1783 1531 1807 1570 P
1855 1528 1958 1570 Cum

432 1601 800 1638 consummaveris
825 1596 1179 1653 depredacionem
1205 1597 1552 1654 depredaberis‘2.
1583 1598 1694 1641 Vide
1720 1598 1825 1657 quid
1856 1598 1959 1641 acci-

433 1665 498 1708 dit
518 1667 738 1725 patrituo.

493 1805 674 1852 XLIV.
711 1807 795 1850 Sed
824 1824 962 1866 usque
992 1808 1092 1860 buc,
1129 1809 1247 1852 Deus
1280 1810 1472 1868 pepercit
1505 1810 1600 1863 tibi,
1637 1822 1680 1854 et
1712 1812 1808 1866 hoc,
1843 1822 1957 1855 certe

432 1877 578 1930 credo,
608 1889 786 1937 propter
818 1890 935 1921 tuam
969 1878 1261 1922 innocentiam
1289 1891 1331 1922 et
1358 1881 1439 1923 Dei
1471 1881 1824 1925 misericordiam.
1851 1882 1953 1935 Sed,

433 1948 478 1991 in
516 1949 650 2002 brevi,
685 1949 926 1992 timendum
953 1961 1032 2003 est,
1062 1950 1181 2009 quod
1211 1950 1296 1993 nisi
1330 1951 1519 2010 predicta
1563 1953 1689 1995 facias
1719 1953 1954 2007 emendari,

432 2019 607 2062 venient
635 2037 764 2079 super
803 2032 844 2063 te
872 2021 1179 2064 tribulaciones
1209 2032 1252 2064 et
1282 2023 1497 2081 angustia,
1529 2034 1571 2066 et
1596 2023 1630 2066 si
1654 2035 1773 2077 tunc,
1803 2024 1955 2066 clama·

431 2090 543 2133 veris
570 2091 623 2133 ad
644 2091 902 2144 Dominum,
927 2092 1170 2135 timendum
1191 2104 1255 2135 est
1274 2093 1392 2151 quod
1420 2095 1539 2137 Deus
1562 2106 1602 2137 te
1622 2111 1710 2137 non
1733 2095 1951 2147 exaudiet,

432 2161 532 2220 quia
573 2162 830 2204 multociens
861 2178 940 2221 pro
969 2164 1235 2222 pauperibus
1262 2165 1315 2206 ad
1343 2175 1383 2206 te
1408 2165 1602 2219 clamavi,
1634 2177 1683 2208 ut
1704 2165 1876 2208 tolleres
1903 2165 1956 2208 de

432 2242 543 2275 terra
571 2232 648 2276 ista
672 2233 779 2276 illud
808 2233 1084 2276 maledictum
1100 2235 1435 2294 prerogativum,
1456 2236 1548 2294 juri
1570 2236 1717 2279 divino
1738 2248 1781 2279 et
1803 2236 1954 2279 liuma-

433 2319 489 2345 no
527 2305 811 2355 contrarium,
847 2304 1008 2347 scilicet
1042 2321 1194 2364 capere
1216 2322 1283 2348 res
1315 2306 1475 2349 alienas
1502 2323 1581 2366 pro
1609 2307 1767 2350 minori
1806 2306 1952 2366 precio

431 2390 561 2433 quam
585 2374 786 2417 venditor
805 2375 907 2418 velit
928 2375 1044 2429 dare,
1065 2387 1107 2418 et
1127 2392 1215 2418 nou
1234 2376 1447 2419 exaudisti
1470 2394 1552 2420 me.
1577 2379 1703 2421 Juxta
1726 2378 1835 2421 illud
1852 2379 1953 2421 Pro-

431 2444 679 2488 verbiorum
716 2447 855 2489 XXI:
902 2447 991 2505 Qui
1021 2463 1106 2489 non
1145 2449 1235 2490 vult
1261 2449 1419 2490 audire
1453 2449 1688 2492 clamorem
1719 2453 1949 2508 pauperis,

430 2518 520 2573 ipse
557 2517 764 2559 clamabit
791 2518 854 2559 ad
887 2519 1039 2570 Deum,
1075 2528 1115 2560 et
1146 2534 1231 2560 non
1269 2519 1574 2564 exaudietur‘2.
1618 2520 1953 2569 proverbiorum

430 2586 600 2645 primo:
647 2589 815 2641 Vocavi,
865 2587 1025 2630 scilicet
1063 2604 1140 2647 per
1178 2604 1324 2631 sanam
1364 2589 1623 2643 doctrinam,
1665 2601 1707 2633 et
1744 2595 1952 2647 renuisti,-

430 2658 609 2700 excendi
636 2674 812 2700 manum
842 2675 996 2713 meam,
1030 2659 1206 2711 scilicet,
1243 2659 1378 2702 multa
1414 2662 1527 2704 bona
1555 2661 1634 2704 tibi
1661 2661 1885 2721 largiendo
1911 2673 1954 2705 et

431 2743 518 2770 non
544 2730 844 2773 considerasti.
871 2730 926 2772 Et
951 2729 1174 2788 sequitur:
1207 2730 1313 2773 Cum
1337 2735 1530 2775 venerint
1549 2748 1679 2791 super
1703 2743 1756 2787 te,
1775 2734 1950 2776 tribula-

431 2804 574 2842 ciones
595 2810 635 2842 et
647 2803 856 2859 angustie,
874 2810 976 2843 tunc
995 2802 1164 2845 vocabis
1184 2817 1250 2844 me
1270 2812 1311 2844 et
1330 2818 1414 2844 non
1434 2804 1671 2846 exaudiam
1695 2814 1748 2858 te,
1773 2819 1822 2847 eo
1837 2805 1957 2864 quod

478 3004 515 3029 a.
544 2993 673 3029 Amos.
696 2992 799 3036 VIII.
823 2995 879 3031 10.
898 3014 945 3022 ——
963 2993 997 3030 b.
1016 2994 1103 3030 Job.
1126 2995 1223 3043 XXI,
1248 2998 1381 3039 1213,
1406 2998 1462 3033 14.
1484 3017 1530 3025 —
1554 3011 1585 3034 c.
1606 2997 1695 3034 lsai.
1719 2998 1891 3042 XXXIII,
1915 3001 1948 3035 1.

482 3099 520 3124 α.
549 3088 659 3123 Prov.
680 3088 777 3131 XXI,
802 3091 858 3125 13.
882 3110 925 3117 —
945 3090 979 3125 b.
997 3091 1107 3126 Prov.
1127 3092 1156 3133 1,
1177 3093 1234 3134 24,
1255 3093 1312 3134 25,
1329 3094 1386 3135 27,
1411 3094 1468 3129 29.
1483 3112 1530 3120 —-
1550 3094 1842 3136 c.lsai.LXI11‚
1860 3096 1895 3137 4,
1914 3097 1948 3132 5.
