2314 3736
1001 360 1240 400 —165—

350 462 418 489 res
439 462 518 504 pro
545 449 706 488 minori
722 450 871 506 precio
901 463 1033 504 quam
1068 448 1269 490 venditor
1302 447 1404 490 velit
1441 447 1557 491 dare.
1600 449 1728 490 Juxta
1767 441 1876 491 illud

352 516 636 559 Ecclesiastici
659 533 681 559 v
707 534 714 559 :
746 518 812 561 Ne
833 519 985 560 tardas
1010 522 1204 561 converti
1223 519 1284 560 ad
1307 519 1538 560 Dominum
1559 528 1599 560 et
1624 533 1677 560 ne
1696 518 1878 576 differas

350 589 404 630 de
429 589 498 630 die
519 592 562 630 in
582 590 693 630 diem
706 604 723 642 ;
749 590 892 631 subito
914 595 1024 631 enim
1047 595 1184 632 veniet
1206 593 1272 631 via
1296 589 1426 642 illius,
1446 599 1486 631 et
1512 592 1556 630 in
1585 599 1777 647 tempore
1791 592 1878 633 vin-

349 660 475 712 dicte,
500 660 720 718 disperdet
740 665 826 703 tea.
857 660 1048 702 Advorte
1075 660 1209 702 eciam
1244 660 1476 718 diligenter
1513 671 1555 702 et
1593 659 1716 702 nullo
1748 660 1877 703 modo

350 729 493 772 tradas
519 730 745 781 oblivioni,
781 730 823 772 id
854 731 969 788 quod
1006 730 1169 773 dicitur
1205 730 1538 773 Deuteronomii
1567 747 1636 772 x1:
1673 732 1877 788 Propono

349 817 494 843 coram
519 811 576 854 te,
605 801 733 843 hodie
760 803 1112 843 malediccionem
1140 812 1180 844 et
1217 803 1580 855 benedici—ionem,-
1621 802 1878 844 benediccio-

348 888 462 919 nem,
501 878 540 914 si
573 873 786 914 obedieris
824 876 1042 930 preceptis
1078 874 1160 915 Dei
1195 877 1339 926 vestri,
1371 873 1715 914 malediccionem
1733 878 1772 914 si
1791 888 1877 915 non

349 944 561 986 obedieris
575 941 602 986 ⁶.
642 944 754 986 Cum
782 959 882 1000 ergo
904 943 1020 986 istud
1043 954 1107 986 est
1127 959 1266 986 unum
1288 944 1342 986 de
1362 943 1576 1002 preceptis
1603 943 1701 995 Dei,
1736 943 1875 986 Exodi

348 1031 404 1057 xx
428 1031 436 1057 :
492 1016 593 1057 Non
645 1018 918 1072 concupisces
963 1031 1032 1056 res
1072 1016 1295 1068 alter-tufi,
1334 1014 1470 1056 invito
1509 1013 1705 1065 domino,
1754 1030 1872 1072 ergo,

349 1085 488 1127 multo
514 1084 687 1142 sorcius,
719 1101 805 1126 non
825 1086 956 1127 debes
978 1101 1128 1143 capere
1156 1102 1231 1144 per
1261 1097 1357 1128 tuos
1380 1085 1565 1127 famulos
1594 1101 1661 1126 res
1694 1085 1870 1136 alienas,

348 1156 485 1199 invito
513 1155 710 1207 domino,
747 1156 898 1198 saltem
926 1156 1112 1200 durante
1133 1172 1235 1216 pace
1263 1156 1305 1198 in
1328 1167 1439 1199 terra
1478 1155 1573 1206 ieta,
1614 1155 1724 1199 sicut
1757 1149 1875 1199 nunc
1898 1190 1899 1193 η

349 1238 413 1271 est
437 1227 690 1270 benedictus
711 1228 846 1270 Deus.

405 1367 462 1415 L.
501 1369 546 1411 Si
577 1380 721 1412 autem
760 1370 953 1412 nolueris
993 1371 1144 1413 tollere
1182 1371 1290 1413 illud
1335 1370 1613 1413 maledictum
1640 1370 1873 1429 prerogati-

347 1457 466 1493 vum,
492 1440 644 1483 timere
673 1442 833 1499 poteris
853 1442 961 1483 illud
983 1442 1103 1500 quod
1126 1442 1288 1484 dieitur
1309 1442 1352 1483 in
1388 1442 1562 1484 Psalmo
1601 1458 1608 1484 :
1652 1442 1877 1484 Maledicti

347 1515 423 1571 qui
446 1513 668 1555 declinant
689 1529 717 1553 a
749 1514 969 1555 mandatis
996 1519 1083 1555 tuis
1098 1519 1129 1555 α.
1168 1513 1307 1555 Exodi
1337 1530 1366 1555 11
1408 1529 1416 1555 :
1447 1513 1552 1555 Filii
1581 1513 1725 1555 Israel
1754 1516 1829 1571 ing
1854 1536 1873 1546 -

346 1586 572 1627 miscentes
618 1595 800 1642 propter
845 1601 979 1643 opera
1024 1588 1085 1627 eis
1128 1589 1347 1643 imposita,
1392 1585 1675 1642 ascenditque
1705 1585 1874 1626 clamor
1919 1592 1923 1598 ’

345 1670 493 1696 eorum
517 1656 579 1697 ad
600 1657 754 1708 Deum,
774 1672 858 1713 pro
884 1657 1085 1713 operibus
1105 1659 1332 1714 impositis.
1357 1657 1418 1698 Et
1451 1657 1617 1698 audivit
1643 1656 1760 1697 Deus
1794 1671 1872 1713 ge-

347 1729 496 1768 mitum
524 1742 669 1768 eorum
683 1725 711 1769 ⁶.
739 1727 793 1769 Et
818 1727 955 1768 Exodi
987 1744 1031 1769 111
1061 1726 1121 1768 ait
1142 1726 1361 1769 Dominus
1382 1726 1435 1768 ad
1469 1727 1649 1784 Moysen
1677 1741 1685 1767 :
1718 1726 1872 1768 Videns

347 1798 436 1840 vidi
453 1797 731 1856 afflictionem
738 1799 899 1856 populi
917 1802 1001 1840 mei
1019 1805 1063 1840 in
1083 1799 1276 1856 Egypto,
1299 1807 1340 1839 et
1365 1798 1597 1839 clamorem
1625 1799 1718 1855 ejus
1743 1797 1871 1838 audi-

347 1871 418 1921 vit,
441 1879 627 1926 propter
652 1869 862 1911 duriciam
891 1885 1036 1910 eorum
1064 1873 1141 1928 qui
1169 1879 1352 1926 presunt
1386 1883 1398 1910 .·
1427 1878 1469 1910 et
1493 1871 1634 1910 sciens
1659 1867 1867 1919 dolorem,

349 1936 567 1993 descendi,
601 1947 646 1982 ut
668 1940 895 1982 liberarem
917 1955 1012 1982 eum
1037 1941 1089 1982 de
1115 1940 1308 1981 manibus
1324 1941 1613 1998 Egyptiorum
1625 1943 1650 1980 ⁰.
1696 1937 1766 1980 Sic
1792 1937 1873 1980 erit

344 2009 398 2052 de
420 2021 476 2062 te,
501 2010 584 2052 nisi
613 2010 737 2052 tollas
764 2010 872 2052 illud
895 2010 1139 2068 predictum
1170 2010 1446 2052 maledictum
1475 2009 1797 2068 prerogativum
1817 2008 1872 2051 de

344 2092 457 2124 terra
485 2092 574 2132 tua,
606 2081 808 2123 liberabit
834 2081 1052 2123 Dominus
1079 2081 1292 2140 populum
1330 2080 1623 2139 anglicanum,
1654 2080 1708 2121 de
1734 2079 1869 2121 mani-

331 2152 425 2193 -bus
445 2151 547 2203 tuis,
576 2151 708 2194 cicius
730 2168 860 2210 quam
885 2163 930 2194 tu
958 2152 1112 2196 eredis.
1144 2152 1319 2194 Timere
1340 2151 1473 2194 eciam
1497 2150 1658 2209 poteris
1680 2151 1733 2192 de
1760 2149 1868 2191 mul-

344 2222 399 2265 tis
439 2222 562 2264 malis
603 2234 646 2264 et
679 2222 882 2281 periculis
929 2239 1015 2281 que
1059 2223 1268 2265 dicuntur
1307 2221 1641 2264 Deuteronomii
1684 2237 1818 2263 xxv111
1833 2218 1866 2262 d.

347 2293 499 2352 Cogita
522 2294 575 2335 de
595 2294 971 2352 predecessoribus
991 2294 1092 2345 tuis,
1117 2294 1224 2352 quid
1252 2310 1369 2336 nunc
1390 2294 1553 2335 habent
1579 2293 1633 2334 de
1661 2291 1867 2334 omnibus

344 2364 470 2406 bonis
492 2364 647 2406 mundi
674 2381 759 2422 que
786 2365 1050 2415 habuerunt,
1075 2376 1117 2406 et
1136 2364 1326 2423 qualiter
1357 2364 1411 2406 de
1445 2364 1525 2406 hoc
1560 2363 1706 2405 seculo
1735 2377 1870 2404 reces-

344 2446 509 2478 serunt.
536 2435 581 2476 Si
607 2446 753 2477 autem
781 2435 908 2477 tollas
925 2434 936 2455 ¹
963 2435 1017 2477 de
1044 2446 1155 2478 terra
1184 2446 1274 2486 tua,
1300 2435 1409 2477 illud
1451 2433 1729 2476 maledictum
1768 2448 1868 2490 pre-

345 2505 586 2563 rogativum
617 2517 659 2548 et
692 2509 734 2548 in
768 2508 849 2548 Dei
874 2509 1096 2564 preceptis
1128 2507 1432 2558 ambulaveris,
1477 2506 1598 2548 dabit
1631 2504 1707 2546 tibi
1753 2505 1869 2546 Deus

334 2577 513 2636 pluvias
533 2577 795 2634 temporibus
810 2582 916 2630 suis,
942 2587 983 2619 et
1005 2587 1125 2620 terra
1142 2580 1292 2636 gignet
1306 2575 1510 2635 germen²
1526 2592 1665 2628 suum,
1688 2585 1730 2617 et
1746 2574 1869 2616 arbo-

341 2663 411 2690 res
436 2648 716 2706 replebuntur
734 2648 854 2690 bonis
878 2652 1033 2705 pomis.
1075 2649 1130 2690 Et
1165 2647 1390 2706 sequitur:
1426 2648 1486 2689 Et
1516 2647 1675 2705 absque
1698 2660 1870 2704 pavore

346 2718 558 2761 habitabis
585 2722 629 2761 in
656 2727 777 2761 terra
804 2728 893 2772 tua,
917 2729 957 2761 et
983 2719 1159 2761 habebis
1187 2735 1338 2776 pacem
1361 2724 1405 2760 in
1432 2728 1554 2761 terra
1577 2727 1651 2760 tua
1665 2722 1692 2771 ⁶,
1732 2726 1781 2759 ut
1807 2715 1871 2758 di-

392 2889 440 2926 L.
470 2890 480 2912 1
498 2889 632 2923 tuleris
652 2888 696 2923 A.
721 2908 761 2916 -
781 2889 795 2912 2
810 2889 971 2924 fructum
991 2889 1036 2923 A.

394 3019 431 3042 a.
454 3008 570 3042 Ecoli.
593 3008 638 3048 V,
662 3009 695 3048 8,
716 3009 751 3042 9.
767 3028 812 3034 —
832 3008 866 3043 b.
885 3009 997 3043 Deut.
1014 3009 1078 3049 XI,
1102 3011 1159 3050 26,
1177 3011 1233 3049 27,
1258 3010 1315 3044 28.
1338 3028 1382 3035 --
1403 3019 1434 3042 c.
1458 3008 1576 3042 Exod.
1600 3007 1678 3048 XX,
1703 3009 1760 3042 17.

395 3113 431 3136 a.
461 3102 524 3137 Ps.
548 3102 719 3143 CXVIII,
740 3104 797 3139 21.
820 3123 864 3131 —
887 3103 921 3137 b.
944 3103 1134 3144 Exod.11‚
1158 3105 1214 3144 23,
1235 3105 1291 3138 24.
1323 3123 1367 3129 —
1397 3115 1428 3137 c.
1461 3102 1579 3136 Exod.
1611 3101 1679 3143 III,
1703 3104 1735 3143 7,
1759 3103 1792 3137 8.
1823 3121 1870 3127 —

348 3148 386 3184 d.
419 3149 530 3183 Deut.
555 3150 727 3191 XXVIII,
757 3150 820 3184 ubi
848 3151 1042 3197 multiplex
1071 3151 1303 3197 promittitur
1330 3149 1621 3185 observantibus
1653 3149 1774 3195 legem
1806 3147 1868 3183 bea
