2314 3736
1084 290 1323 333 —112—

441 390 517 422 tuo
537 378 615 437 qui
637 377 734 437 plus
764 378 931 437 indiget
954 378 1077 439 diligi
1103 396 1234 438 quam
1263 392 1309 424 tu
1344 397 1431 424 rex.
1458 382 1505 425 Si
1529 398 1631 442 ergo
1657 383 1760 426 velis
1785 400 1961 429 conser-

439 465 537 492 vare
579 465 761 508 regnum
796 460 921 492 tuum
956 450 1053 504 tibi,
1091 461 1133 493 et
1172 451 1262 494 filio
1295 463 1385 503 tuo,
1417 464 1590 511 oportet
1621 454 1739 512 quod
1771 455 1898 499 facias
1920 467 1962 500 te

438 520 563 579 diligi
592 537 614 563 a
646 519 825 579 populo,
865 520 938 562 sed
971 537 1196 580 nunquam
1225 522 1417 581 diligeris
1453 540 1475 566 a
1503 524 1682 583 popu10‚
1720 525 1961 569 dummodo

437 607 587 649 capere
606 590 794 633 volueris
821 607 887 633 res
907 591 1089 649 aliquas,
1121 592 1271 635 leviori
1297 594 1456 652 precio,
1481 610 1613 653 quam
1637 596 1836 639 venditor
1859 596 1962 640 velit

437 677 507 703 eas
534 661 650 705 dare.
677 662 731 703 Et
749 660 862 714 ideo,
891 661 1009 704 nulla
1032 663 1168 721 patria
1190 662 1405 707 desiderat
1431 665 1665 708 adventum
1697 677 1839 718 tuum,
1876 667 1961 710 nisi

437 731 602 774 fuerint
633 732 949 775 Londinienses
988 733 1064 775 ubi
1099 749 1185 775 non
1228 735 1335 776 emis
1373 751 1440 777 res
1475 735 1642 794 aliquas
1680 752 1759 795 pro
1799 737 1961 781 minori

437 802 580 861 precio
606 818 738 859 quam
762 802 963 845 venditor
991 803 1095 846 velit
1120 819 1189 846 eas
1209 804 1324 848 dare.
1358 805 1443 848 Sed
1470 806 1506 848 si
1531 822 1674 849 emere
1699 807 1885 851 volueris
1912 819 1962 851 ut

435 872 614 931 quidam
648 884 893 926 extraneuS,
927 884 969 916 et
1005 874 1297 917 incontinenti
1327 877 1499 934 justum
1539 877 1732 935 precium
1776 878 1957 932 solvere,

436 954 540 986 tunc
564 943 814 1003 adquireres
841 943 1122 987 dileccionem
1157 946 1325 1004 populi,
1356 958 1398 989 et
1425 958 1543 999 tunc,
1575 948 1763 1007 populus
1791 961 1961 1008 rogaret

436 1014 595 1067 Deum,
631 1014 749 1072 quod
775 1014 829 1056 ad
859 1030 931 1057 eos
963 1015 1146 1074 singulis
1172 1017 1298 1058 annis
1318 1016 1570 1062 declinares.
1600 1018 1742 1072 Nunc,
1775 1019 1891 1078 apud
1918 1031 1960 1063 te

430 1084 599 1142 judices
616 1095 764 1127 utrum
787 1085 1076 1138 commodius,
1101 1086 1253 1129 utilius
1271 1095 1312 1129 et
1333 1087 1557 1131 honestius
1585 1089 1695 1132 foret
1722 1090 1818 1142 tibi,
1841 1090 1959 1149 quod

434 1155 623 1214 populus
650 1166 820 1213 rogaret
845 1157 989 1198 Deum
1012 1173 1091 1215 pro
1112 1168 1153 1199 te
1173 1169 1216 1200 et
1233 1157 1286 1200 de
1313 1169 1388 1200 tuo
1408 1159 1594 1202 adventu
1617 1161 1825 1218 gauderet
1850 1171 1893 1204 et
1906 1161 1960 1204 de

433 1241 602 1269 recessu
626 1237 702 1268 tuo
722 1225 890 1269 doleret
909 1242 1042 1285 quam
1063 1239 1229 1272 contra.

493 1352 578 1399 35.
615 1352 686 1403 Et,
709 1352 887 1396 domine
908 1369 998 1405 reX,
1029 1354 1137 1396 scire
1157 1354 1304 1408 debes,
1328 1356 1448 1414 quod
1469 1367 1515 1399 tu
1539 1373 1625 1399 non
1653 1373 1697 1400 es
1724 1358 1960 1417 imperator

433 1423 510 1482 qui
542 1433 731 1465 statuere
762 1424 924 1482 poteris
963 1424 1047 1467 tale
1074 1426 1148 1482 jus
1181 1426 1350 1468 emendi
1390 1443 1456 1469 res
1486 1427 1653 1486 aliquas
1687 1444 1765 1487 pro
1798 1430 1959 1473 minori

360 1533 370 1539 ,
432 1494 578 1552 precio
603 1509 735 1551 quam
762 1493 889 1537 alius.
915 1494 999 1537 Sed
1021 1506 1066 1538 tu
1087 1511 1129 1538 es
1151 1512 1225 1538 rex
1245 1497 1418 1556 Anglie,
1444 1509 1594 1541 tenens
1616 1509 1755 1541 totum
1775 1515 1957 1559 regnum

431 1563 604 1623 Anglie,
634 1564 677 1606 in
698 1564 823 1607 feodo
843 1566 898 1607 ab
919 1565 1093 1609 ecclesia
1109 1568 1320 1610 Romana.
1341 1568 1456 1622 Quia
1472 1568 1568 1621 seis,
1593 1569 1658 1612 vel
1684 1570 1791 1612 scire
1808 1569 1954 1625 debes,

430 1634 550 1692 quod
576 1651 651 1677 rex
685 1635 858 1694 Anglie,
888 1638 942 1679 ab
967 1637 1098 1679 inicio
1126 1653 1214 1680 non
1247 1640 1578 1697 recognoscebat
1609 1639 1799 1699 aliquem
1832 1656 1957 1700 supe-

430 1705 591 1748 riorem
620 1721 680 1758 se,
716 1706 760 1748 in
793 1707 1122 1766 temporalibus,
1153 1708 1266 1751 sicut
1292 1725 1370 1751 nec
1397 1725 1470 1752 rex
1503 1711 1535 1752 F
1539 1711 1695 1754 rancie.
1728 1711 1813 1753 Sed
1842 1722 1957 1770 post·

431 1775 633 1830 modum,
671 1787 810 1819 totum
843 1794 1023 1837 regnum
1064 1779 1236 1837 Anglie‚
1284 1779 1443 1822 factum
1482 1780 1561 1823 fuit
1599 1781 1798 1824 censuale
1827 1790 1870 1824 et
1905 1781 1959 1824 de

433 1846 561 1889 feodo
609 1849 805 1890 Romane
840 1849 1031 1901 ecclesie,
1077 1849 1178 1908 quia
1217 1850 1436 1893 Johannes
1477 1852 1697 1910 quondam
1743 1869 1815 1894 rex
1867 1853 1955 1896 An-

429 1917 514 1976 glie
542 1918 639 1971 fuit,
683 1918 800 1961 filius
828 1920 938 1978 regis
963 1921 1139 1963 Henrici
1164 1921 1362 1973 senioris,
1395 1923 1473 1980 qui
1507 1922 1726 1966 Johannes
1754 1923 1957 1966 successit

429 1988 474 2031 in
509 2004 642 2047 regno
692 1990 780 2048 regi
821 1990 1006 2033 Ricardo
1051 1991 1173 2034 fratri
1211 2008 1307 2043 suo,
1359 2003 1552 2052 tempore
1589 2009 1699 2052 pape
1746 1995 1955 2036 Innocen-

430 2059 479 2101 tii
524 2060 588 2117 iij.
640 2060 730 2115 Qui
777 2062 906 2104 etiam
950 2063 1112 2121 recepit
1149 2063 1203 2105 ab
1251 2063 1425 2106 ecclesia
1476 2065 1671 2106 Romana
1731 2064 1776 2107 in
1825 2063 1953 2106 feodo

431 2139 572 2172 totum
606 2145 791 2187 regnum
832 2131 1004 2190 Angfie,
1048 2143 1225 2191 propter
1254 2133 1373 2192 quod
1412 2133 1586 2176 ecclesia
1625 2136 1819 2177 Romana
1855 2149 1954 2176 cou-

430 2210 494 2242 tra
534 2200 714 2243 rebelles
757 2217 857 2245 suos
895 2203 1034 2245 astitit
1071 2214 1113 2246 et
1150 2203 1201 2246 ad
1251 2206 1394 2262 ipsum
1436 2204 1679 2262 juvandum
1728 2216 1770 2248 et
1822 2220 1953 2247 manu

431 2270 693 2314 mittendum
721 2273 765 2314 in
788 2289 922 2331 regno
954 2273 1112 2332 Anglie
1148 2274 1267 2317 misit
1299 2274 1518 2333 quendam
1548 2275 1808 2318 cardinalem
1837 2275 1953 2334 lega-

430 2351 523 2384 tum
555 2341 599 2384 in
638 2343 841 2402 Angliam
874 2344 1102 2403 specialem
1117 2349 1150 2387 ⁰.
1182 2345 1329 2397 Extra,
1361 2349 1438 2404 qui
1454 2346 1541 2402 filii
1561 2356 1664 2389 sunt
1684 2343 1852 2405 leg...⁶.

488 2470 573 2516 36.
605 2472 659 2513 Et
683 2472 785 2515 dato
810 2473 928 2532 quod
954 2485 1000 2517 tu
1030 2490 1141 2518 esses
1167 2475 1419 2534 imperator,
1449 2475 1591 2519 adhuc
1617 2491 1706 2518 non
1732 2476 1954 2519 desidera-

444 2686 449 2690 ·
476 2655 514 2679 a.
538 2644 645 2681 Matt.
669 2645 806 2688 Paris„
831 2652 857 2681 t.
882 2647 931 2688 11,
963 2660 999 2694 p.
1023 2649 1116 2684 235:
1141 2662 1160 2683 α
1177 2649 1448 2684 Convenerunt
1468 2662 1486 2684 a
1519 2651 1566 2684 ud
1588 2650 1774 2684 Doveram
1807 2650 1950 2684 decima

428 2692 540 2727 tertia
561 2693 621 2726 die
640 2693 743 2734 Maii,
765 2694 940 2729 videlicet
958 2695 1018 2729 die
1040 2696 1167 2731 Lunae
1192 2697 1360 2743 proxima
1382 2703 1466 2731 ante
1483 2662 1756 2731 Kscensionem
1783 2697 1947 2736 Domini,

430 2737 507 2773 Rex
527 2745 564 2773 et
583 2740 805 2782 pandulfus,
828 2754 909 2775 cum
932 2743 1147 2784 comitibus,
1171 2742 1379 2778 baronibus
1400 2750 1437 2778 et
1463 2744 1573 2778 turba
1594 2744 1708 2778 multa
1729 2744 1855 2785 nimis,
1884 2743 1950 2778 ubi

428 2785 512 2819 in...
536 2787 640 2832 pacis
662 2787 819 2822 formam
837 2790 1062 2824 unanimiter
1077 2796 1364 2833 consenserunt.
1382 2803 1400 2823 »
1418 2790 1586 2830 —lbid.‚
1602 2803 1638 2836 p.
1655 2792 1741 2827 236:
1767 2804 1786 2824 «
1799 2790 1949 2825 Conve-

429 2839 567 2867 nerunt
599 2834 735 2868 iterum
757 2847 820 2868 rex
840 2835 1047 2882 Anglorum
1070 2843 1107 2871 et
1125 2837 1331 2871 Pandulfus
1357 2850 1438 2871 cum
1462 2838 1686 2884 proceribus
1714 2838 1823 2883 regni
1849 2837 1950 2884 apud

429 2879 580 2914 domum
602 2881 761 2915 militum
782 2882 1046 2929 Templijuxta
1068 2885 1266 2925 noveram,
1297 2885 1440 2918 decimo
1466 2885 1597 2931 quinto
1625 2884 1727 2924 Maii,
1756 2885 1794 2919 in
1822 2885 1950 2930 vigilia

430 2927 574 2961 scilicet
588 2927 807 2963 Dominicae
826 2929 1087 2972 Ascensionis,
1110 2930 1174 2965 ubi
1198 2932 1295 2965 idem
1315 2944 1379 2965 rex
1402 2932 1506 2977 juxta
1534 2932 1634 2978 quod
1663 2932 1802 2966 Romae
1829 2932 1952 2966 fuerat

430 2974 696 3009 sententiatum
720 2976 927 3022 resignavit
946 2989 1124 3012 coronam
1146 2990 1250 3012 suam
1271 2991 1353 3013 cum
1374 2991 1491 3025 regno
1509 2978 1668 3025 Angliae
1686 2984 1722 3013 et
1743 2978 1950 3013 Hiberniae

428 3020 467 3054 in
489 3033 621 3055 manus
643 3023 785 3057 domini
804 3035 936 3069 papae,
957 3025 1064 3071 cujus
1079 3031 1167 3059 tunc
1180 3026 1279 3060 vices
1291 3025 1447 3072 gerebat
1465 3026 1685 3060 pandulfus.
1703 3039 1778 3058 »-
1795 3025 1945 3072 Rymer,

428 3067 606 3109 Foedera,
629 3074 654 3103 t.
679 3070 708 3110 1.
731 3082 795 3116 pp.
819 3072 899 3111 111,
923 3073 1003 3106 112.
1026 3092 1070 3098 —
1092 3072 1126 3106 b.
1150 3074 1202 3107 De
1224 3073 1341 3116 officio
1362 3072 1491 3119 legati,
1515 3073 1553 3107 in
1572 3073 1638 3107 vl·
1658 3073 1706 3119 (1,
1730 3073 1806 3119 13).
