2444 3750
1241 393 1451 433 ..24-

652 515 774 558 Cum
795 511 866 557 his
893 519 1054 558 autem
1093 509 1246 569 factis,
1271 527 1435 557 nonne
1461 527 1675 575 pugnare
1706 510 2016 558 existimanda
2036 520 2109 559 est

587 600 749 664 opinio
777 617 919 664 supra
937 598 1115 646 laudati
1136 616 1236 646 rev.
1258 603 1337 647 W.
1361 598 1555 646 stubbs.
1576 600 1594 645 Ρ
1614 602 1668 644 In
1696 598 1786 645 hoc
1812 599 1942 645 enim
1961 615 2106 663 opus-

586 687 715 745 culo,
740 705 837 734 non
859 688 972 735 dicit
989 696 1156 735 auctor
1173 705 1222 734 se
1245 687 1675 752 archiepiscopum,
1694 688 1945 751 primatem
1965 687 2109 733 totius

588 775 783 840 Angliae
814 793 936 823 esse.
971 779 1128 836 Quem
1166 794 1307 823 suum
1350 775 1562 834 titulum,
1597 776 1635 821 si
1666 792 1719 822 re
1750 792 1861 822 vera
1897 778 2107 822 Cantua-

587 865 796 912 riensem
817 863 980 912 sedem
1012 874 1126 912 tunc
1152 865 1498 929 occupavisset,
1528 865 1625 928 regi
1652 863 1746 910 alta
1771 872 1820 910 et
1845 862 1972 910 clara
1991 879 2108 909 voce

587 953 998 1011 conclamavisset,
1021 971 1118 1017 quo
1148 953 1299 1015 majus
1329 952 1518 1018 pondus
1547 953 1643 999 suis
1674 951 1849 1011 verbis,
1879 951 2109 1014 majorem

586 1042 683 1088 vim
707 1042 803 1088 suis
823 1042 1032 1107 querelis
1052 1042 1266 1088 adderet.

654 1129 986 1178 Infelicitatem
1007 1140 1055 1177 et
1074 1139 1333 1194 egestatem
1350 1130 1529 1195 Anglici
1551 1130 1716 1195 populi
1743 1130 1918 1194 passim
1949 1129 2112 1193 depin-

591 1220 675 1283 git,
713 1218 772 1266 de
806 1228 940 1283 peste
981 1220 1131 1284 nigra,
1165 1236 1225 1266 ne
1256 1236 1406 1265 unum
1450 1219 1645 1283 quidem
1682 1218 1882 1265 verbum
1909 1216 2108 1282 profert.

594 1308 643 1354 Si
668 1316 829 1354 autem
843 1309 988 1372 pestis
1015 1325 1073 1355 eo
1099 1316 1316 1372 tempore
1330 1316 1538 1371 grassata
1559 1315 1702 1364 esset,
1732 1307 1856 1354 illius
1879 1307 2113 1370 attingen-
2177 1315 2182 1317 ’

591 1396 679 1443 dae
693 1405 740 1443 et
760 1396 1103 1443 describendae
1119 1397 1419 1444 occasionem
1440 1412 1538 1442 non
1559 1396 1809 1452 omisisset,
1834 1411 1978 1459 quam
1999 1410 2112 1440 sane

594 1494 646 1531 ut
666 1485 855 1549 signum
881 1484 1068 1532 divinae
1101 1486 1216 1542 irae,
1252 1485 1310 1531 ad
1343 1484 1684 1531 deterrendum
1713 1500 1873 1548 regem
1894 1501 1919 1529 a
1940 1499 2112 1548 perpe-

591 1573 773 1621 trandis
793 1573 992 1636 injuriis,
1016 1573 1324 1638 depinxisset.

658 1665 793 1722 Quae
815 1679 926 1709 cum
940 1663 1001 1709 ita
1020 1664 1132 1720 sint,
1151 1671 1316 1709 nostro
1336 1661 1531 1726 quidem
1542 1661 1738 1724 judici0,
1763 1659 1951 1706 libellus
1966 1663 2000 1706 B
2016 1675 2114 1705 non

587 1760 702 1816 ⁴post
722 1768 904 1797 annum
931 1754 1049 1799 1347
1068 1752 1271 1816 scriptus
1291 1759 1379 1797 est.
1399 1750 1521 1797 Illud
1536 1750 1679 1796 etiam
1695 1748 1880 1795 videtur
1894 1756 2115 1795 constare

593 1857 651 1887 ex
666 1857 725 1886 eo
740 1839 871 1904 quod
883 1849 1049 1886 auctor
1070 1840 1170 1904 ipse
1186 1839 1361 1886 indicat
1379 1839 1589 1904 quodam
1605 1839 1724 1885 loco.
1747 1837 1933 1884 Etenim
1950 1835 2112 1894 refert,

594 1937 854 1993 antequam
873 1945 1012 1974 suum
1033 1927 1263 1975 scriberet
1283 1927 1569 1993 opusculum
1585 1926 1772 1991 elapsos
1793 1943 1895 1972 esse
1915 1923 2114 1989 quadra·

593 2018 722 2080 ginta
745 2017 918 2063 annos¹
949 2034 975 2063 a
1003 2026 1220 2081 tempore
1240 2034 1337 2081 quo
1361 2024 1582 2080 regnaret
1604 2014 1862 2062 Edwardus
1887 2017 1922 2060 Ι.
1947 2017 2112 2070 Porro,

596 2104 857 2151 Edwardus
879 2109 897 2150 I
918 2122 1047 2151 anno
1075 2108 1194 2152 1:307
1218 2113 1435 2151 mortuus
1450 2113 1546 2162 est,
1571 2121 1668 2150 non
1692 2104 1831 2167 igitur
1850 2110 1958 2168 post
1982 2101 2117 2148 illum

597 2210 781 2240 annum
838 2196 956 2240 1347
992 2194 1260 2257 Speculum
1297 2197 1442 2256 Regis
1480 2193 1666 2257 scripsit
1712 2193 1892 2239 Simon.
1935 2193 2117 2250 Quam-

596 2298 741 2346 quam
764 2281 842 2329 ille
859 2299 1088 2329 numerus
1102 2282 1414 2346 quadraginta
1433 2297 1671 2328 annorum
1697 2276 1898 2347 hicnon
1919 2279 2117 2326 omnino

596 2370 963 2418 determinatam
978 2372 1150 2418 seriem
1175 2387 1414 2417 annorum
1444 2368 1708 2434 significare
1729 2367 1925 2415 forsitan
1958 2365 2117 2413 videa-

597 2469 692 2518 tur,
724 2461 790 2506 uti
811 2477 914 2506 mos
939 2469 1041 2506 erat
1061 2461 1249 2525 saepius
1275 2459 1418 2506 medii
1443 2460 1545 2506 aevi
1572 2456 1900 2522 scriptoribus,
1936 2464 2115 2512 tamen,

598 2549 646 2594 ni
666 2547 891 2606 fallimur,
915 2549 1078 2613 opinio
1105 2557 1267 2595 nostra
1302 2556 1410 2595 stat.
1442 2548 1700 2607 Quoniam,
1723 2563 1781 2593 ex
1814 2545 1916 2592 aliis
1937 2543 2119 2590 indiciis

598 2645 727 2683 recte
748 2636 904 2700 colligi
923 2645 1083 2701 potest
1108 2638 1230 2683 circa
1267 2653 1450 2683 annum
1477 2639 1596 2682 1345
1619 2634 1937 2699 compositum
1975 2631 2119 2678 fuisse

605 2746 625 2768 «
650 2725 914 2789 Speculum
947 2729 1091 2788 Regis
1116 2745 1159 2770 ».
1177 2728 1294 2771 Nam
1321 2724 1413 2771 hoc
1431 2725 1476 2770 in
1494 2722 1655 2770 libello
1685 2726 1738 2780 B,
1755 2719 1963 2768 ostendit
1975 2721 2117 2784 scrip-

601 2822 676 2859 tor
702 2830 863 2877 regem
886 2813 1170 2859 Edwardum
1196 2817 1260 2859 III
1281 2830 1391 2860 aere
1412 2812 1588 2868 alieno,
1617 2827 1727 2857 cum
1749 2827 1834 2856 suo
1856 2818 1958 2855 tum
1972 2808 2120 2872 patris

603 2909 796 2954 nomine
822 2907 1046 2965 conflato,
1074 2907 1366 2970 gravatum'.
1394 2911 1450 2954 Et
1472 2905 1664 2952 aliunde
1685 2903 1878 2968 quidem
1902 2903 2120 2948 novimus

725 3116 753 3150 B
773 3115 793 3162 g
817 3115 886 3158 1x,
910 3115 929 3162 g
951 3115 1031 3152 ιιι.

726 3175 753 3209 B

658 3115 693 3151 1.

654 3174 691 3212 2.
772 3174 791 3222 ἓ
813 3174 861 3218 11,
882 3172 983 3211 circa
1005 3173 1130 3211 finem.
