2314 3736
3 121 6 123 '
0 98 10 107 ¹*
0 0 18 84 *a*

996 345 1234 386 -117—

349 436 518 478 buntur
539 435 685 477 anime
701 434 853 486 multe,
872 445 1053 494 propter
1074 435 1324 492 hujusmodi
1339 436 1583 495 capciones,
1597 439 1721 495 juxta
1741 435 1851 482 illud
1871 457 1879 483 ε

351 506 449 550 Non
470 505 712 549 dimittitur
731 516 956 564 peccatum
983 505 1067 548 nisi
1089 506 1346 548 restituatur
1371 507 1565 549 ablatum
1597 508 1690 568 xiiij
1731 526 1775 568 q.
1812 511 1877 569 iij.

355 578 408 622 Si
431 575 523 619 res⁶
528 577 626 621 ,Et
650 587 691 618 te
720 592 862 641 regern
885 575 1082 628 consulo,
1113 577 1170 618 ob
1192 576 1376 619 salutem
1397 578 1542 620 anime
1564 589 1653 631 tue,
1679 591 1728 622 ut
1747 596 1880 640 quan-

355 660 449 692 tum
474 648 556 693 tibi
582 648 638 690 sit
663 647 886 707 possibile,
910 647 1037 689 facias
1058 647 1203 689 omnia
1226 648 1338 689 bona
1360 649 1533 691 restitui
1557 650 1745 693 subditis
1776 651 1879 706 tuis,

350 735 436 778 que
463 720 517 762 ab
535 719 596 761 eis
617 719 781 776 injuste
803 735 879 777 per
901 729 997 761 tuos
1020 718 1206 761 famulos
1227 719 1349 761 aufe1
1353 730 1503 763 untur
1537 721 1608 763 Sic
1635 722 1751 763 enirn
1780 722 1881 766 fecit

346 801 519 835 sanctus
540 790 796 843 Edwardus,
820 806 907 832 non
927 800 1047 848 pater
1063 801 1164 832 tuus
1185 790 1259 832 sed
1276 802 1448 833 sanctus
1462 791 1719 844 Edwardus,
1738 810 1813 836 rex
1833 805 1875 836 et

350 862 516 905 martir.
541 861 722 920 Legitur
748 861 866 904 enim
893 861 937 903 in
958 861 1043 903 vita
1072 861 1209 903 sancti
1234 861 1438 904 Edwardi
1458 864 1570 920 regis
1601 863 1719 921 quod
1759 864 1875 907 idem

353 932 595 976 Edwardus
640 949 728 975 non
764 933 866 975 vicit
901 948 1045 991 regem
1076 933 1303 991 Norvvagie
1341 933 1386 975 in
1426 934 1577 992 rapina
1613 950 1874 994 pauperum,

346 1020 490 1062 neque
515 1005 560 1046 in
585 1003 800 1046 thesauris
822 1003 1021 1062 pecunie,
1046 1003 1119 1045 sed
1137 1003 1181 1045 in
1204 1003 1347 1062 gladio
1366 1004 1605 1047 sanctitatis
1621 1005 1726 1047 etin
1747 1006 1878 1048 armis

342 1075 533 1134 justicie.
561 1074 703 1127 Unde,
725 1086 955 1134 postquam
978 1074 1112 1132 jussit
1140 1074 1318 1116 reddere
1335 1076 1565 1133 pecuniam
1592 1092 1724 1134 quam
1745 1092 1768 1119 a
1787 1077 1876 1120 suis

345 1146 511 1189 earucis
543 1147 586 1189 in
608 1146 764 1204 Anglia
795 1157 1030 1205 acceperat,
1060 1145 1169 1187 vidit
1195 1145 1248 1187 ad
1282 1147 1473 1198 missam,
1507 1147 1552 1189 in
1590 1147 1730 1199 altari,
1761 1144 1876 1190 inter

346 1233 501 1260 manus
529 1217 777 1269 sacerdotis,
808 1217 854 1259 in
880 1232 1062 1275 corpore
1089 1217 1271 1270 Christi,
1295 1218 1419 1275 quasi
1439 1218 1483 1259 in
1513 1218 1705 1276 speculo,
1730 1235 1874 1278 regem

349 1289 579 1348 Norwagie
604 1288 832 1347 delapsum
859 1299 902 1330 et
921 1287 1160 1330 dimersum
1191 1288 1236 1330 in
1277 1304 1409 1341 mare,
1446 1299 1677 1347 postquam
1708 1290 1875 1349 paravit

346 1360 568 1419 navigium
591 1371 641 1402 ut
666 1359 903 1418 applicaret
925 1359 969 1401 in
991 1370 1148 1401 terram
1176 1359 1334 1417 Anglie
1359 1360 1669 1403 devastandam
1685 1359 1713 1405 ³.

403 1491 490 1538 41.
527 1492 574 1534 Si
595 1502 739 1535 autem
762 1503 826 1544 tu,
856 1507 946 1543 rex,
972 1492 1032 1534 sie
1053 1491 1219 1543 feceris,
1245 1490 1451 1544 scilicet¹,
1482 1492 1518 1533 si
1541 1492 1652 1550 juris
1679 1492 1874 1551 pruden-

346 1564 432 1607 cias
452 1563 761 1615 observaveris,
791 1562 1006 1614 videlicet,
1032 1562 1067 1605 si
1088 1562 1269 1605 honeste
1295 1563 1468 1614 vixeris,
1503 1563 1538 1605 si
1566 1565 1874 1622 neminemque

345 1635 510 1687 leseris,
550 1645 593 1676 et
626 1634 661 1677 si
695 1633 934 1692 unicuique
971 1633 1088 1692 quod
1120 1649 1249 1676 suum
1289 1644 1353 1676 est
1389 1634 1610 1686 tribueris,
1647 1645 1753 1676 tunc
1790 1635 1874 1677 eris

345 1705 524 1758 nobilis,
554 1716 597 1747 et
627 1705 710 1747 erit
739 1705 819 1747 ista
848 1715 960 1747 terra
983 1715 1065 1747 -tua
1105 1705 1228 1746 beata
1253 1715 1295 1747 et
1331 1704 1558 1747 benedicta
1587 1715 1767 1764 propter
1799 1716 1873 1749 tua

345 1775 572 1828 beneficia,
615 1775 660 1818 in
699 1787 934 1834 conspectu
977 1775 1058 1818 Dei
1092 1786 1134 1817 et
1164 1775 1395 1818 hominum
1430 1775 1618 1818 multum
1653 1786 1788 1834 grata,
1830 1787 1873 1818 et

348 1858 454 1890 tunc
479 1846 704 1889 victoriam
725 1846 780 1888 de
799 1846 988 1889 inimicis
1008 1846 1096 1889 tuis
1117 1846 1351 1904 optinebis.
1367 1847 1494 1888 Juxta
1511 1846 1622 1889 illud
1645 1846 1869 1889 Ecclesias-

345 1919 418 1962 tic.
442 1934 486 1960 x:
509 1919 650 1961 Beata
672 1927 791 1960 terra
832 1920 957 1976 cujus
984 1932 1064 1959 rex
1093 1927 1157 1960 est
1193 1917 1351 1959 nobilis
1365 1922 1398 1961 ⁰.
1433 1918 1489 1959 Et
1508 1919 1609 1960 Ysa.
1637 1917 1698 1960 lix
1722 1933 1730 1960 ε
1758 1919 1872 1961 Ecce

345 2005 432 2032 non
453 1999 517 2032 est
542 1989 771 2033 abreviata
803 2004 959 2031 manus
986 1989 1164 2031 Domini
1188 1998 1236 2031 ut
1261 1989 1439 2032 salvare
1471 1987 1693 2048 nequeatb.
1718 1989 1782 2031 Ita
1803 2005 1873 2032 cu-

346 2059 466 2103 rialis
483 2059 577 2102 vult
598 2060 718 2102 Deus
733 2075 825 2102 esse
848 2059 928 2102 tibi
950 2060 1096 2113 etiam,
1118 2059 1154 2101 si
1175 2069 1221 2101 tu
1235 2058 1515 2113 benefeceris,
1531 2059 1641 2102 sicut
1656 2070 1698 2102 et
1713 2070 1759 2102 tu
1778 2059 1873 2102 aliis

343 2131 518 2174 curialis
545 2147 589 2173 es
602 2130 631 2173 ².
662 2131 718 2173 Et
737 2141 802 2173 est
822 2131 1013 2189 primum
1033 2131 1206 2188 signum
1230 2130 1486 2181 nobilitatis,
1529 2130 1706 2182 scilicet,
1742 2131 1872 2189 grati-

344 2201 452 2244 tudo
472 2202 561 2244 sive
586 2201 830 2260 recognicio
851 2201 1180 2254 beneficiorum,
1212 2212 1253 2243 et
1280 2217 1356 2260 per
1383 2201 1668 2254 contrarium,
1693 2201 1871 2260 ingrati-

345 2272 538 2316 tudovel
566 2272 878 2315 beneficiorum
907 2273 1085 2325 oblivio,
1129 2273 1302 2331 signum
1334 2284 1398 2314 est
1428 2272 1698 2316 rusticitatis,
1744 2272 1869 2315 Unde

344 2354 463 2402 patet
480 2343 600 2402 quod
620 2343 685 2386 illi
707 2355 809 2386 sunt
835 2344 1049 2403 ignobiles
1070 2344 1147 2402 qui
1187 2345 1329 2386 Deum
1361 2344 1644 2393 inhonorant,
1689 2342 1865 2396 scilicet,

342 2425 512 2473 peccata
532 2415 863 2468 committendo,
883 2415 961 2473 qui
981 2431 1052 2457 eos
1074 2431 1150 2473 pre
1175 2415 1327 2457 ceteris
1350 2414 1603 2457 hominibus
1619 2414 1864 2468 honoravit,

343 2485 523 2541 scilicet,
540 2486 748 2528 honorem
770 2496 813 2528 et
830 2485 1103 2528 nobilitatem
1126 2486 1339 2545 presentis
1361 2486 1494 2529 seculi
1513 2486 1574 2528 eis
1594 2485 1648 2528 ad
1665 2496 1870 2528 mutuum

343 2695 388 2776 dR.
421 2694 508 2783 —C‘i'
515 2695 740 2783 (ἰῑίἶῐεὲηω
767 2715 811 2722 -
839 2696 1126 2741 devastandam)
1152 2696 1189 2730 in
1213 2695 1400 2741 Angliam‚
1431 2696 1476 2729 ad
1503 2700 1642 2729 terram
1670 2695 1871 2729 devastan-

370 2754 427 2776 am

388 2837 462 2874 41.
490 2837 598 2884 1(sij
603 2837 682 2872 uris
703 2858 748 2864 —
769 2838 845 2872 eris
866 2838 1027 2884 nobilis)
1056 2850 1127 2873 om.
1162 2838 1236 2878 Cl..
1263 2838 1308 2871 V.
1337 2838 1380 2871 R.
1406 2858 1451 2864 —
1489 2838 1586 2884 2(Ιῐιι
1614 2837 1768 2872 curialis
1794 2838 1872 2872 vult

346 2884 450 2919 Deus
472 2896 557 2918 esse
577 2851 667 2922 tlibi]
689 2885 719 2919 si
741 2891 781 2919 tu
801 2887 895 2920 velis
916 2887 1013 2920 istos
1035 2898 1187 2919 errores
1210 2886 1411 2926 dimittere,
1433 2885 1610 2931 quoniam
1631 2897 1780 2919 omnem
1800 2898 1871 2918 no-

347 2931 532 2966 bilitatem
564 2932 634 2966 tibi
664 2934 858 2974 concedet,
887 2933 960 2974 CL,
996 2933 1038 2967 V.
1078 2933 1149 2966 R.-
1182 2933 1399 2978 (curialis...
1433 2944 1518 2966 esse
1553 2932 1641 2978 tibi)
1674 2932 1770 2966 sicut
1803 2933 1873 2966 fuit

347 2984 480 3013 sancto
499 2979 699 3020 Edwardo,
721 2981 753 3014 si
775 2980 890 3015 facias
912 2981 1007 3015 sicut
1029 2981 1111 3026 ipse
1133 2980 1232 3015 fecit.
1254 2980 1301 3014 Et
1322 2980 1419 3014 scire
1438 2979 1568 3019 debes,
1589 2980 1676 3026 quia
1690 2980 1762 3014 tria
1785 2984 1873 3014 sunt

347 3026 455 3073 signa
474 3025 699 3062 nobilitatis.
721 3028 762 3061 F.

392 3156 428 3180 a.
454 3144 577 3180 Eccle.
600 3145 645 3187 X,
666 3147 724 3182 17.
745 3164 791 3173 —
813 3145 846 3181 b.
871 3146 960 3181 lsai.
983 3146 1080 3188 LIX,
1101 3149 1134 3182 1.
1154 3165 1200 3172 —
1217 3158 1248 3181 c.
1266 3146 1354 3181 lsai.
1378 3146 1408 3188 1,
1431 3147 1465 3181 1.
1487 3164 1534 3173 —
1554 3144 1592 3180 d.
1614 3144 1721 3181 Matt.
1741 3144 1787 3187 V,
1811 3145 1868 3183 45.
