2444 3750
1268 384 1475 426 „60-

607 501 930 566 primogeniti,
953 501 1204 566 exigentur
1222 500 1535 562 frumentum,
1557 521 1726 564 avena,
1750 504 1964 566 foenum,
1985 525 2122 567 oveS,

605 589 772 648 boves,
816 605 1005 647 vaccae,
1044 589 1264 654 gallinae,
1301 592 1699 658 quotiescumque
1747 611 1823 642 res
1861 597 2058 660 quaevis
2098 613 2124 644 a

608 677 999 743 procuratoribus
1028 679 1260 743 capietur,
1292 679 1420 741 justo
1456 682 1715 729 constituto
1741 684 1940 748 pretio¹,
1964 700 2127 731 coram

606 765 961 814 constabulario
974 774 1021 813 et
1035 767 1176 813 certis
1195 766 1478 832 quibusdam
1492 769 1653 834 probis
1671 769 1980 831 hominibus²,
2000 789 2126 821 eme-

609 863 703 902 tur.
734 858 1075 902 Procuratores
1100 863 1261 903 autem
1293 857 1360 903 eis
1389 875 1412 903 a
1433 857 1606 922 quibus
1633 875 1709 906 res
1738 859 1922 924 aliquas
1953 878 2127 926 exege-

608 943 705 990 rint
731 942 887 990 tallias
915 942 1126 990 dabunt⁸
1146 943 1320 1008 quibus
1338 945 1419 1002 illi,
1453 947 1704 1012 pecuniam
1723 947 1931 996 debitam
1951 965 2126 1014 expos-

608 1032 765 1079 tulare
793 1031 999 1079 valeant.

675 1123 797 1167 Cum
826 1129 986 1168 autem
1015 1121 1208 1186 plurimi
1240 1122 1338 1185 jam
1367 1121 1582 1188 perferre
1610 1141 1707 1170 non
1743 1133 1939 1189 possent
1975 1146 1996 1170 «
2028 1142 2128 1190 gar-

610 1210 803 1256 cionum
823 1229 844 1251 »
860 1209 1185 1274 cupiditatem,
1199 1210 1549 1269 crudelitatem,
1567 1212 1830 1271 audaciam,
1845 1230 1956 1260 cum
1971 1215 2132 1262 omnia

611 1315 693 1344 sua
707 1296 854 1356 bona,
873 1314 1040 1345 eorum
1057 1298 1237 1346 scelere
1254 1315 1308 1346 ac
1328 1298 1524 1347 libidine
1543 1300 1805 1364 perderent
1823 1319 1835 1359 3
1859 1301 1950 1349 hoc
1971 1303 2132 1350 statuit

611 1402 714 1445 rex,
762 1395 815 1433 ut
852 1386 1078 1452 deinceps
1116 1404 1292 1434 munus
1321 1387 1604 1452 providendi
1637 1389 1854 1436 victualia
1885 1410 1906 1434 «
1950 1391 2132 1455 magnis

612 1475 749 1539 equis
773 1495 794 1518 »
826 1492 924 1521 non
944 1475 1263 1539 garcionibus,
1287 1475 1369 1523 sed
1393 1476 1746 1524 vicecomitibus
1767 1479 1814 1524 in
1836 1495 2132 1544 unoquoque

611 1563 840 1610 comitatu
864 1563 1210 1611 incumberet⁴.

675 1651 821 1699 Nobis
858 1653 1001 1716 igitur
1038 1661 1212 1699 statuta
1248 1654 1385 1717 regni
1420 1654 1543 1717 regis
1581 1653 1798 1700 Edwardi
1838 1658 1903 1701 III
1940 1655 2133 1720 pervol-

610 1739 849 1799 ventibus,
892 1749 962 1788 tot
993 1750 1226 1806 apparent
1254 1758 1361 1789 esse
1388 1742 1434 1787 in
1470 1742 1884 1806 procurationibus
1914 1752 2130 1808 peccato-

666 1880 701 1916 1.
735 1882 835 1917 Stat.
865 1881 910 1925 V,
932 1878 980 1916 25
1008 1878 1133 1923 Edw„
1165 1881 1228 1915 III
1249 1891 1334 1930 cap.
1360 1881 1375 1916 1
1400 1894 1408 1916 ι
1434 1891 1508 1930 que
1535 1887 1622 1917 touz
1654 1879 1752 1925 blez‚
1782 1880 1901 1929 feyns‚
1932 1879 2131 1920 bestaill...

610 1945 647 1975 et
675 1944 764 1975 touz
790 1945 917 1975 autres
948 1936 1111 1974 vitailles
1137 1945 1172 1975 et
1193 1937 1326 1976 choses
1348 1950 1568 1989 quecunqes
1589 1938 1718 1989 queles
1745 1946 1831 1976 sont
1853 1938 2042 1989 aprendre
2067 1951 2137 1990 par

610 1996 784 2033 meismes
802 1995 855 2033 les
872 1996 1048 2042 hosteux‚
1071 1995 1193 2034 soient
1214 1996 1335 2046 prisez
1355 2010 1374 2034 a
1398 1996 1433 2034 la
1456 1997 1560 2035 vroie
1584 1997 1695 2035 value
1722 2010 1792 2048 par
1811 1997 1865 2035 les
1885 1997 2132 2043 conestables,

611 2062 648 2093 et
673 2062 800 2093 autres
829 2055 925 2093 bons
950 2062 1060 2105 gentz
1089 2056 1157 2093 des
1184 2055 1342 2094 villes...
1365 2068 1451 2094 sans
1483 2069 1558 2107 que
1584 2069 1653 2107 par
1677 2069 1865 2101 mammes,
1895 2069 1946 2094 ou
1971 2057 2137 2094 durexes

611 2113 735 2152 soient
761 2114 815 2152 les
840 2113 1034 2165 preisours
1058 2114 1196 2152 chacez
1227 2127 1248 2152 a
1275 2122 1408 2152 mettre
1434 2123 1542 2153 autre
1568 2115 1649 2166 pris
1680 2128 1755 2166 que
1783 2115 1867 2153 lour
1896 2123 2060 2154 serment
2089 2128 2136 2154 ne

613 2179 714 2210 voet.
726 2203 734 2211 .
743 2203 751 2211 .

667 2233 704 2271 3.
739 2231 839 2269 Ibid.
856 2247 867 2269 :
880 2234 934 2281 Qe
954 2239 1060 2270 entre
1080 2232 1133 2270 les
1146 2245 1373 2283 purveours,
1397 2239 1433 2270 et
1443 2245 1554 2280 ceux,
1577 2234 1646 2271 des
1665 2245 1794 2284 queux
1814 2233 1992 2330 leigiiens
2009 2241 2138 2272 seront

612 2291 749 2342 prises,
771 2303 819 2329 en
839 2290 875 2329 la
898 2303 1078 2342 presence
1098 2291 1166 2328 des
1185 2290 1421 2329 conestables
1440 2299 1476 2329 et
1495 2291 1701 2343 preisours,
1724 2292 1852 2342 soient.
1905 2292 1986 2330 illes
2014 2293 2136 2330 tantot

612 2350 770 2389 faites...
796 2363 866 2401 par
885 2349 1071 2400 lesqueles
1091 2349 1225 2397 tailles,
1251 2362 1319 2399 gre
1339 2350 1412 2388 soit
1434 2350 1514 2396 fait,
1537 2365 1556 2388 a
1577 2363 1675 2388 ceux
1695 2351 1763 2389 des
1782 2363 1912 2402 queux
1932 2351 1985 2390 les
2004 2351 2138 2390 choses

613 2416 742 2447 seront
760 2408 870 2447 issint
889 2408 1023 2459 prises.

668 2470 706 2506 4.
738 2471 771 2505 A
792 2468 811 2517 ξ
831 2469 895 2512 26.
918 2475 956 2505 et
977 2466 1131 2518 passim.
1156 2469 1284 2508 —W.
1307 2467 1462 2514 stubbs,
1486 2481 1546 2519 op.
1570 2470 1655 2516 cit„
1678 2476 1703 2506 t.
1724 2470 1775 2516 11,
1799 2482 1838 2520 p.
1863 2469 1952 2508 553.
1977 2468 2138 2507 Plurimi

618 2542 636 2563 α
667 2525 835 2578 compoti
854 2526 903 2563 de
925 2525 1097 2564 custodia
1118 2538 1342 2575 magnorum
1360 2539 1545 2578 equorum
1566 2527 1712 2565 domini
1727 2527 1829 2577 regis
1842 2527 2021 2565 Edwardi
2039 2529 2094 2565 111
2116 2542 2134 2562 n

613 2592 761 2624 exstant
777 2584 956 2630 Londini,
972 2585 1010 2622 in
1023 2584 1155 2622 Public
1166 2586 1311 2623 Rea-ord
1320 2586 1425 2632 office
1437 2601 1448 2622 .·
1460 2587 1686 2636 Eoecltequer
1700 2588 1860 2634 Queen’s
1870 2586 2135 2625 Remembran-

613 2647 709 2683 cer's
722 2646 985 2681 miscellanea.
1006 2643 1177 2682 Bundles
1198 2644 1338 2695 356s48
1354 2667 1405 2673 —
1425 2646 1584 2695 36-4s30.
1602 2667 1653 2674 —
1668 2651 1768 2684 Stat.
1793 2650 1844 2691 II,
1866 2647 1910 2683 10
1933 2646 2041 2685 Edw.
2066 2649 2134 2691 III,

614 2717 701 2755 cap.
724 2705 764 2749 2,
788 2716 826 2754 p.
850 2704 942 2742 277.
966 2725 1018 2730 —
1039 2707 1139 2740 Stat.
1165 2705 1211 2742 36
1234 2704 1342 2741 Edw.
1374 2708 1444 2749 ΙΙΙ,
1471 2717 1557 2755 cap.
1590 2707 1627 2751 5,
1650 2718 1690 2755 p.
1715 2705 1805 2744 373.
1834 2727 1885 2734 —
1912 2709 1991 2743 Rot.
2009 2706 2136 2750 Parl.‚

615 2771 642 2801 t.
664 2765 716 2808 11,
739 2775 778 2813 p.
807 2764 918 2801 167..
932 2793 940 2801 .
964 2774 1011 2812 qe
1039 2774 1146 2799 come
1169 2762 1347 2812 nadgers.
1369 2762 1527 2801 ordeine
1547 2771 1584 2801 et
1603 2771 1775 2801 assentuz
1799 2762 1901 2810 suist,
1924 2776 1993 2815 par
2011 2770 2138 2801 nostre

616 2821 772 2872 seignur
791 2821 824 2859 le
846 2820 916 2858 Roi
937 2828 974 2858 et
993 2833 1062 2858 son
1082 2820 1244 2866 Conseil.
1267 2834 1315 2872 qe
1336 2821 1389 2859 les
1408 2829 1519 2871 gentz
1539 2829 1576 2860 et
1592 2822 1758 2860 chivaux
1778 2823 1826 2859 de
1846 2822 1995 2860 l'hostel
2012 2829 2138 2860 nostre

616 2881 673 2919 dit
692 2880 860 2931 seignur,
875 2892 922 2917 ne
936 2880 1116 2917 deussent
1135 2887 1232 2917 estre
1253 2879 1442 2931 hebergez
1461 2893 1506 2918 en
1526 2881 1622 2931 pais,
1638 2880 1740 2918 nulle
1759 2888 1880 2931 parte,
1895 2880 2046 2926 sinoun,
2069 2893 2140 2932 par

616 2939 705 2978 bille
722 2939 775 2977 du
793 2938 1015 2976 mareschall
1035 2939 1083 2975 de
1103 2938 1262 2976 l’Hostel
1283 2939 1316 2977 le
1339 2939 1426 2985 Roi,
1449 2947 1485 2977 et
1505 2938 1591 2991 q'ils
1610 2939 1830 2978 liverassent
1850 2939 1934 2977 lour
1954 2939 2076 2987 billes‚
2099 2952 2140 2978 as

617 2997 851 3036 conestables
861 2998 930 3035 des
948 2997 1071 3044 villes,
1085 3005 1122 3035 et
1141 3010 1211 3048 par
1227 2997 1295 3043 lui,
1315 2998 1494 3036 deussent
1504 3006 1601 3036 estre
1620 2998 1842 3048 hebergees,
1859 3005 1895 3036 et
1914 2997 1941 3036 il
1958 2998 2044 3036 lour
2062 2999 2138 3037 fer·

618 3057 691 3095 rait
718 3056 827 3094 avoir
852 3063 1090 3101 sustenance,
1113 3069 1187 3108 pur
1203 3069 1317 3104 caux,
1342 3065 1378 3095 et
1398 3070 1470 3108 pur
1494 3059 1578 3095 lour
1600 3057 1816 3096 chivaux...
1843 3056 2086 3109 (Responsio)
2108 3057 2139 3095 ll

619 3117 716 3168 plest
735 3129 756 3153 a
778 3122 902 3153 nostre
923 3114 1078 3165 seignur
1098 3114 1131 3152 le
1151 3115 1235 3160 noi,
1263 3128 1310 3167 qe
1331 3123 1430 3154 ceste
1450 3115 1581 3154 article
1601 3123 1637 3154 et
1653 3116 1707 3154 les
1726 3115 1854 3167 pointz
1873 3129 1919 3155 en
1936 3116 2019 3165 ycel
2038 3128 2138 3154 oom-

619 3175 739 3227 prises
759 3174 880 3213 soient
903 3182 1015 3212 tenuz
1031 3181 1068 3212 et
1092 3175 1231 3224 gardez
1247 3187 1295 3214 en
1315 3182 1403 3212 touz
1417 3174 1560 3227 pointz.
1577 3197 1613 3204 ·-
1640 3175 1717 3222 ld.‚
1737 3188 1802 3227 pp.
1829 3176 1919 3223 169,
1937 3176 2028 3221 229,
2045 3175 2135 3214 270.
