2314 3736
1073 320 1125 329 —
1161 299 1286 341 144-

428 396 567 428 totum
596 385 817 445 perditum
846 386 971 430 habe.
1004 388 1198 431 Mundus
1219 388 1334 430 enim
1369 399 1433 431 est
1458 400 1678 448 tamquam
1700 392 1829 436 bursa
1860 411 1956 453 per-

430 456 581 508 forata,
625 456 699 499 ubi
732 456 941 516 quicquid
981 458 1175 516 ponitur,
1227 470 1366 502 totum
1406 459 1605 502 elabitur.
1657 462 1711 504 Et
1751 465 1949 517 consulo,

426 526 555 584 quod'
574 543 658 568 non
695 527 851 569 habeas
879 527 1069 586 aliquam
1099 529 1299 572 fiduciam
1329 530 1370 572 in
1401 530 1568 588 magnis
1594 532 1716 590 equis
1745 533 1846 585 tuis,
1879 535 1954 577 sed

427 597 734 640 tantummodo
756 598 797 639 in
823 598 1064 641 Dominum
1093 600 1235 642 Deum
1262 611 1403 651 tuum,
1433 602 1557 658 juxta
1583 601 1691 644 illud
1715 604 1823 646 Isaie
1851 621 1949 648 xxi:

435 668 488 710 Ve
520 671 595 727 qui
624 667 888 711 descendunt
919 672 963 711 in
999 671 1217 728 Egyptum
1252 672 1315 712 ad
1348 673 1581 726 auxilium,
1622 676 1666 714 in
1704 677 1824 733 equis
1855 692 1952 734 spe-

426 747 591 792 rantes,
635 748 677 781 et
715 738 915 781 habentes
957 739 1162 796 fiduciam
1205 757 1339 798 super
1376 743 1615 800 quadrigis,
1665 747 1771 802 quia
1819 746 1955 789 multe

425 818 540 862 sunt,
565 818 606 851 et
630 824 764 867 saper
787 810 1013 868 equitibus,
1039 813 1141 869 quia
1152 812 1378 869 prevalidi
1399 810 1536 855 sunt⁶.
1575 813 1729 856 Judith
1754 830 1817 857 rx:
1854 816 1954 860 Non

426 881 470 920 in
490 880 767 922 multitudine
782 881 949 938 populi,
971 891 1034 923 est
1054 887 1187 924 virtus
1208 883 1302 936 Dei,
1326 899 1459 942 neque
1473 885 1517 925 in
1537 899 1744 943 equorum
1765 886 1948 930 viribus:

427 950 507 992 sed
521 950 747 992 humilium
773 961 814 993 et
838 962 1158 995 mansuetorum
1182 968 1350 1011 semper
1376 953 1453 996 tibi
1471 954 1637 1012 placuit
1661 955 1947 1014 deprecaciffl.

883 1235 1227 1278 CAPITULUM
1263 1235 1492 1280 NONUM.

485 1445 623 1493 XVI.
660 1448 698 1490 Ο
725 1447 916 1490 Domine
945 1448 1003 1490 mi
1030 1464 1122 1502 rex,
1152 1448 1320 1492 utinam
1348 1464 1516 1508 saperes
1538 1460 1579 1492 et
1600 1448 1879 1508 intelligeres,
1904 1466 1952 1494 ac

427 1518 659 1561 novissima
678 1518 942 1577 provideres.
969 1520 1166 1578 Saperes,
1191 1519 1234 1561 id
1250 1530 1328 1572 est,
1351 1519 1503 1562 intime
1517 1519 1724 1578 cogitares
1739 1521 1950 1564 honorem

426 1588 505 1630 tibi
528 1588 772 1647 impensum
795 1591 849 1631 ab
875 1588 1128 1632 hominibus
1151 1589 1283 1648 hujus
1311 1601 1437 1642 terre,
1469 1601 1511 1632 et
1538 1590 1816 1649 intelligeres,
1840 1590 1950 1633 scili·

425 1670 506 1711 cet,
531 1659 687 1701 damna
707 1659 767 1702 eis
789 1659 923 1712 illata,
948 1676 1025 1718 per
1051 1671 1149 1702 tuos
1170 1660 1402 1703 servientes
1424 1660 1690 1719 ubicumque
1711 1661 1878 1704 veneris
1906 1661 1950 1703 in

426 1741 540 1772 terra
562 1741 633 1772 tua
656 1747 666 1784 ;
696 1746 743 1773 ac
769 1730 1002 1772 novissima
1025 1731 1286 1789 provideres,
1318 1731 1494 1784 scilicet,
1519 1731 1807 1774 miserabilem
1838 1747 1951 1774 mor-

428 1812 514 1844 tem
542 1812 679 1854 tuam,
710 1801 792 1843 nisi
814 1801 913 1843 talia
935 1802 1251 1855 emendantur;
1281 1813 1395 1844 certe
1415 1802 1656 1845 remedium
1682 1803 1847 1845 bonum
1874 1818 1947 1862 ap-

428 1888 612 1931 poneres
633 1888 711 1931 pro
739 1872 992 1914 hominibus
1021 1872 1154 1930 hujus
1183 1884 1311 1926 terre,
1344 1873 1460 1931 quod
1489 1889 1565 1932 per
1590 1873 1824 1916 servientes
1851 1884 1950 1916 tuos

425 1943 479 1985 de
503 1954 644 1985 cetero
666 1959 755 1985 non
776 1955 1021 2001 graventur.
1050 1944 1105 1985 Et
1126 1944 1206 1986 hoc
1229 1955 1292 1986 est
1313 1955 1516 1996 statuere,
1545 1944 1661 2002 quod
1684 1943 1870 2002 quilibet
1896 1943 1952 1986 sit

425 2013 631 2056 dominus
662 2030 808 2056 rerum
837 2030 1030 2064 suarum,
1069 2026 1116 2056 ut
1147 2014 1207 2056 sic
1237 2014 1290 2056 de
1320 2014 1445 2057 bonis
1481 2014 1568 2057 suis
1603 2014 1713 2057 nihil
1755 2014 1951 2073 capiatur

426 2095 572 2127 contra
595 2084 863 2127 voluntatem
892 2101 1029 2127 suam.
1065 2086 1120 2127 Et
1146 2085 1413 2144 quicumque
1438 2096 1586 2127 contra
1622 2085 1784 2138 fecerit,
1814 2085 1948 2144 gravi·

427 2166 492 2198 ter
524 2155 748 2214 puniatur,
784 2166 827 2198 et
863 2172 948 2198 una
981 2172 1079 2198 cum
1122 2156 1202 2198 hoc
1235 2156 1582 2198 maledictionem
1625 2156 1705 2198 Dei
1738 2155 1946 2198 incurrat.

427 2226 569 2278 Unde,
606 2226 783 2268 domine
820 2242 910 2278 rex,
937 2226 1130 2285 intellige
1162 2237 1204 2269 et
1231 2243 1318 2269 non
1353 2227 1495 2269 tradas
1522 2226 1731 2269 oblivioni
1764 2226 1950 2285 qualiter

425 2313 530 2354 gens
554 2296 777 2356 anglicana
797 2296 1142 2340 constituerunt¹
1168 2309 1208 2339 te
1234 2314 1376 2356 regem
1397 2314 1406 2350 ;
1428 2309 1520 2340 esto
1550 2313 1651 2356 ergo
1684 2296 1806 2355 quasi
1835 2313 1949 2340 unus

425 2383 475 2409 ex
510 2367 630 2426 ipsis.
675 2368 788 2411 Eccl.
829 2385 973 2411 xxxu:
1006 2370 1228 2410 Rectorem
1269 2378 1310 2411 te
1340 2378 1598 2426 posuerunt,
1647 2368 1740 2410 noli
1766 2369 1920 2410 extolli
1932 2383 1948 2420 ;

427 2448 514 2480 esto
535 2441 579 2481 in
601 2439 688 2481 illis
709 2444 831 2498 quasi
852 2455 963 2481 unus
983 2455 1038 2481 ex
1064 2442 1211 2497 ipsis0.
1238 2438 1432 2482 Consulo
1459 2455 1577 2497 ergo,
1607 2449 1656 2480 ut
1687 2453 1804 2480 emas
1831 2453 1946 2481 escu-

426 2508 540 2551 lenta
568 2520 610 2551 et
637 2509 868 2568 poculenta
890 2520 932 2552 et
951 2520 1089 2552 cetera
1119 2509 1197 2551 tibi
1224 2509 1478 2560 necessaria,
1509 2509 1620 2551 sicut
1646 2525 1761 2551 unus
1793 2508 1847 2550 de
1874 2524 1947 2567 po-

426 2579 547 2639 pulo,
583 2579 685 2638 quia
714 2579 825 2622 forte
868 2580 1012 2622 adhuc
1041 2595 1129 2622 non
1163 2579 1370 2639 intelligis
1408 2579 1597 2638 qualiter
1635 2578 1748 2622 etin
1784 2578 1947 2637 quibus

422 2666 526 2709 gens
546 2651 769 2710 anglicana
788 2662 936 2694 contra
953 2661 1050 2693 tuos
1071 2650 1337 2693 adversarios
1358 2650 1518 2710 poterit
1546 2661 1587 2693 te
1609 2652 1761 2708 juvare
1777 2649 1839 2692 vel
1862 2659 1943 2693 etc.

424 2721 537 2766 Cave
557 2721 637 2764 tibi
664 2723 774 2765 bene
794 2721 1004 2781 quicquid
1031 2721 1215 2765 dicatur.

471 2874 592 2912 XVI.
621 2875 631 2897 ¹
649 2874 849 2910 constituit
869 2874 920 2909 H·
939 2889 947 2916 ;
971 2874 1220 2909 constituerat
1234 2874 1302 2908 Hb.

425 2997 454 3028 t.
483 2990 581 3033 XVI,
606 3005 643 3038 p.
666 2994 748 3029 906.
773 3013 816 3020 —
839 2992 874 3027 b.
898 2993 987 3028 lsai.
1011 2993 1143 3034 XXXI,
1168 2995 1200 3027 1.
1223 3012 1271 3019 —
1288 3005 1318 3027 c.
1347 2992 1492 3026 Judith.
1515 2991 1579 3032 IX,
1604 2993 1660 3027 16.

471 3097 508 3121 a.
537 3086 652 3120 Eccli.
676 3086 827 3127 XXXII,
852 3089 885 3121 1.
