2314 3736
929 382 1164 424 -145—

707 684 1052 727 CAPITULUM
1086 684 1381 726 DECIMUM.

336 894 498 941 XVII.
536 895 574 937 O
602 894 792 937 Domine
825 893 883 936 mi
913 910 1002 948 rex,
1042 910 1159 937 nunc
1197 895 1428 954 diligenter
1461 895 1650 949 adverte,
1687 907 1728 938 et
1762 896 1806 939 in

277 967 406 1010 corde
427 977 502 1009 tuo
530 965 682 1017 scribe,
719 976 761 1008 et
794 981 1021 1023 nunquam
1054 965 1223 1008 recedat
1258 982 1279 1008 a
1316 977 1389 1008 tua
1427 966 1649 1021 memoria,
1686 968 1807 1026 quod

278 1045 396 1081 nunc
422 1037 561 1080 dicam
590 1036 684 1080 tibi.
716 1036 905 1078 Domine
927 1036 984 1077 mi
1007 1052 1096 1089 rex,
1131 1036 1299 1079 utinam
1329 1053 1499 1096 saperes
1521 1049 1563 1080 et
1591 1037 1808 1097 intellige-

243 1144 251 1152 .
278 1125 345 1152 res
371 1125 419 1151 ac
439 1108 671 1150 novissima
699 1107 962 1166 provideres.
991 1108 1188 1166 Saperes,
1220 1107 1259 1149 id
1291 1119 1354 1150 est
1380 1125 1658 1167 cognosceres
1674 1110 1810 1168 hujus

280 1180 401 1239 regni
422 1179 777 1231 consuetudines,
804 1189 980 1231 statuta,
1011 1178 1232 1237 privilegia
1263 1179 1529 1238 pauperibus
1563 1180 1628 1222 vel
1660 1192 1805 1223 sancte

279 1250 453 1293 ecclesie
474 1250 680 1292 damnosa
700 1267 709 1303 3
734 1261 775 1292 et
797 1249 1076 1308 intelligeres,
1103 1250 1279 1302 scilicet,
1305 1250 1522 1309 premium
1545 1251 1624 1293 tibi
1647 1251 1805 1295 affutu-

279 1338 375 1364 rum
394 1321 426 1364 si
455 1338 531 1380 per
552 1333 593 1363 te
613 1321 759 1363 omnia
781 1321 881 1363 talia
909 1321 1160 1363 delerentur
1181 1338 1190 1375 ς
1215 1337 1261 1363 ac
1280 1322 1510 1364 novissima
1540 1322 1803 1381 provideres,

280 1392 457 1445 scilicet,
503 1403 686 1434 mortem
729 1403 848 1434 tuam
887 1392 1096 1444 futuram,
1129 1392 1319 1450 qualem,
1365 1393 1455 1446 ubi,
1487 1404 1530 1435 et
1569 1410 1699 1452 quam
1738 1394 1806 1436 in-

279 1475 457 1517 certam,
496 1474 542 1506 tu
574 1463 727 1505 nescis.
767 1464 909 1515 Certe,
940 1479 1090 1505 omnes
1119 1464 1459 1506 consuetudines
1494 1464 1627 1522 hujus
1666 1465 1803 1523 regni,

280 1546 322 1577 et
342 1534 489 1576 omnia
510 1534 748 1593 privilegia,
773 1550 820 1576 ac
846 1534 990 1576 omnia
1013 1546 1172 1576 statuta
1195 1534 1463 1593 ubicumque
1490 1534 1531 1576 in
1564 1535 1719 1579 foresta
1741 1536 1806 1578 vel

279 1604 374 1647 aliis
402 1605 599 1664 partibus
627 1605 760 1662 hujus
782 1605 903 1663 regni
930 1621 1015 1663 que
1041 1617 1143 1648 sunt
1165 1617 1309 1648 sancte
1331 1606 1520 1658 ecclesie,
1560 1607 1625 1648 vel
1647 1623 1804 1666 paupe-

280 1675 417 1730 ribus,
439 1676 503 1718 vel
526 1675 657 1718 eciam
689 1675 992 1718 communitati
1022 1676 1152 1734 hujus
1180 1676 1303 1734 regni
1338 1677 1562 1730 damnosa,
1599 1678 1806 1721 omnibus

279 1746 445 1790 viribus
472 1747 559 1789 tuis
585 1747 705 1789 omni
735 1746 1016 1789 festinacione
1035 1763 1119 1805 qua
1138 1747 1314 1806 poteris,
1332 1748 1482 1790 habito
1504 1748 1686 1791 consilio
1710 1761 1802 1802 tuo,

281 1818 438 1861 faceres
465 1818 717 1862 ammoveri.
742 1819 796 1860 Et
818 1835 868 1860 ex
890 1818 1144 1876 hujusmodi
1180 1819 1290 1861 sacto
1319 1821 1460 1877 majus
1502 1820 1706 1862 meritum
1743 1836 1805 1863 ac-

279 1900 485 1932 cresceret
510 1889 606 1941 tibi,
634 1906 763 1947 quam
790 1889 823 1931 si
846 1889 935 1931 filio
958 1901 1033 1932 tuo
1045 1890 1287 1948 acquireres
1311 1890 1455 1933 omnia
1470 1907 1600 1950 regna
1617 1891 1801 1935 mundi¹.

280 1960 408 2003 Unde
442 1961 631 2002 Seneca:
670 1961 846 2015 Quanta
879 1960 1101 2003 demencia
1135 1973 1213 2013 est,
1246 1962 1394 2004 heredi
1430 1973 1505 2004 tuo
1541 1963 1675 2005 multa
1708 1979 1806 2022 pro-

280 2047 445 2082 curare,
480 2043 521 2073 et
554 2031 633 2073 tibi
665 2031 746 2089 ipsi
784 2031 930 2074 onmia
962 2048 1132 2091 negare.
1163 2034 1320 2092 Magna
1358 2033 1474 2075 enim
1505 2034 1720 2076 hereditas
1755 2050 1806 2076 cx

280 2102 418 2145 amico
446 2102 546 2144 facit
568 2102 810 2144 inimicum.
843 2103 946 2145 Plus
968 2103 1084 2145 enim
1113 2104 1222 2146 forte
1248 2104 1455 2162 gaudebit
1484 2104 1537 2146 de
1567 2116 1706 2147 morte
1734 2116 1806 2147 tua

280 2190 368 2232 quo
397 2174 494 2232 plus
529 2173 610 2215 sibi
644 2173 910 2232 acquisieris.
956 2175 1011 2216 Et
1043 2174 1139 2217 ideo
1166 2175 1362 2227 consulo,
1399 2187 1614 2233 quantum
1646 2176 1807 2234 poteris

280 2244 425 2287 omnia
462 2246 575 2286 bona
618 2261 744 2303 opera
786 2245 913 2287 facias
950 2246 1188 2291 charitatis.
1233 2249 1329 2289 Job.
1381 2263 1496 2289 x1111:
1534 2249 1672 2289 Homo
1709 2264 1804 2289 cum

281 2314 446 2358 mor'tus
460 2317 595 2374 fuerit
621 2317 808 2358 nudatus
834 2327 897 2359 est
921 2327 1050 2376 atque
1088 2323 1406 2376 consumpta-5⁰.
1432 2318 1551 2360 Idem
1578 2318 1632 2360 ad
1656 2318 1805 2361 Corin-

282 2387 379 2429 thos
405 2404 470 2429 111:
500 2388 799 2446 Unusquisque
826 2390 1063 2430 mercedem
1089 2393 1266 2447 accipiet
1284 2390 1517 2431 secundum
1542 2406 1669 2431 suum
1692 2390 1806 2432 labo—

282 2455 403 2500 remb.
435 2458 501 2500 Ad
531 2458 667 2502 Galat.
697 2474 760 2500 vl:
785 2460 950 2500 Bonum
963 2461 1189 2518 facientes,
1218 2477 1302 2502 non
1323 2460 1596 2517 deficiamus,·
1620 2471 1809 2519 tempore

282 2534 393 2570 enim
408 2545 483 2570 suo
509 2540 728 2582 metemus,
754 2546 835 2572 non
858 2530 1119 2586 deficientes.
1139 2533 1258 2590 Ergo
1274 2533 1375 2574 dum
1400 2542 1563 2590 tempus
1585 2532 1803 2586 habemus,

242 2613 272 2634 J
283 2614 510 2657 operentur
537 2600 689 2642 bonuti?
718 2602 777 2643 ad
795 2606 979 2644 omne-5⁰.

216 2671 222 2706 l

332 3011 476 3052 XVII.
504 3013 603 3050 1ιιοιι
628 3015 710 3050 dico
729 3015 798 3051 tibi
820 3015 982 3053 Scotiam
1000 3018 1057 3053 vel
1080 3016 1289 3060 Franciam,
1315 3017 1380 3054 sed
1403 3000 1486 3054 iiico
1508 3017 1578 3055 tibi
1600 3018 1725 3055 omnia
1748 3033 1808 3055 re-

286 3074 359 3107 gna
380 3063 509 3096 mundi
530 3062 623 3097 add.
646 3063 691 3098 A.

334 3190 371 3213 a.
400 3167 603 3221 Job.X1V‚
629 3183 685 3216 10.
710 3201 752 3208 -
775 3181 809 3215 b.
839 3182 868 3215 1.
893 3182 982 3217 cor.
1006 3184 1074 3225 111,
1097 3187 1130 3220 8.
1156 3205 1198 3211 -
1222 3197 1252 3219 c.
1283 3185 1405 3220 Galat.
1430 3185 1494 3227 vl,
1518 3188 1653 3228 10,11.

1581 3258 1625 3292 10
