2314 3736
1151 310 1391 352 —168-

503 403 609 447 dum
634 412 699 445 est
725 401 842 461 quod
866 402 1062 459 insurget
1086 412 1236 444 contra
1270 412 1311 444 te
1349 400 1538 460 populus
1562 401 1695 459 hujus
1728 411 1879 445 terrae.
1914 401 2028 444 Cave

502 476 615 517 bene
637 473 732 516 tibi.
759 474 814 514 Et
840 471 955 523 ideo,
981 471 1214 514 consilium
1241 487 1384 514 meum
1417 482 1497 524 est,
1539 482 1588 514 ut
1626 470 1815 530 populus
1843 470 2029 529 gaudeat

503 544 558 587 de
584 555 662 587 tuo
682 543 871 586 adventu
894 554 936 584 et
957 543 1002 584 in
1023 558 1191 584 recessu
1220 553 1295 585 tuo
1312 542 1535 585 tristiciam
1563 542 1719 584 habeat
1744 553 1785 583 et
1814 541 2023 584 dolorem.

505 616 561 657 Et
588 626 693 656 tunc
719 614 887 656 dicetur
907 613 962 655 de
993 624 1033 655 te
1059 612 1170 655 illud
1204 629 1234 655 11
1262 613 1398 655 Esdre
1426 629 1468 655 vi
1498 629 1506 655 :
1536 613 1790 656 Benedictus
1815 613 2028 654 Dominus

504 687 623 728 Deus
636 695 817 743 patrum
836 694 1102 737 nostrorum,
1132 690 1208 742 qui
1225 685 1343 726 dedit
1369 684 1448 726 hoc
1468 687 1512 726 in
1533 684 1662 726 corde
1689 685 1818 741 regis,
1852 691 1898 725 nt
1929 681 2027 740 glo-

503 756 701 812 rificaret
719 756 952 797 Dominum
979 756 1114 796 Deam
1136 758 1179 796 in
1204 755 1452 797 Jerusalem
1467 753 1498 808 ά,
1534 765 1576 796 et
1605 764 1739 796 totam
1767 764 1922 795 terram
1947 755 2043 794 ani

502 826 731 884 glicanam,
755 836 798 867 et
818 825 894 876 sic,
927 825 1140 867 maximus
1167 825 1310 867 honor
1336 825 1416 867 tibi
1442 835 1667 876 accrescet,
1697 835 1740 866 et
1765 824 1848 866 erit
1876 838 1958 882 pax
1983 832 2028 864 et

502 896 728 955 gaudium,
760 896 1026 954 ubicumque
1042 895 1211 938 veneris
1231 896 1277 937 in
1306 911 1438 954 regno
1456 906 1546 938 tuo.
1572 895 1627 937 Et
1647 894 1919 945 tunc‚dicere
1946 909 2025 952 po-

501 967 605 1010 teris
639 966 749 1008 illud
777 966 886 1008 Isaie
911 983 1044 1008 xxxix
1074 983 1082 1008 :
1118 968 1218 1009 Fiat
1247 983 1347 1025 pax
1373 976 1416 1009 et
1441 969 1598 1009 veritas
1628 972 1673 1007 in
1703 966 1850 1008 diebus
1877 967 2021 1007 meis⁶.

500 1039 634 1079 Hebr.
659 1038 763 1079 XIII
789 1054 798 1079 z
823 1039 981 1079 Pacem
1008 1040 1244 1095 sequimini
1269 1053 1366 1079 cum
1397 1037 1608 1090 omnibus,
1651 1040 1744 1078 sine
1775 1052 1864 1095 qua
1900 1050 2025 1077 nemo

502 1108 656 1151 videbit
692 1108 874 1151 Deums.
911 1109 1039 1150 Juxta
1068 1109 1184 1150 Petri
1225 1109 1286 1150 ΙΙΙ
1328 1124 1336 1150 ;
1381 1109 1469 1165 Qui
1498 1108 1585 1150 vult
1610 1110 1740 1150 vitam
1772 1107 1955 1165 diligere
1986 1115 2027 1148 et

503 1180 647 1222 videre
671 1180 763 1221 dies
791 1179 945 1232 bonos,·
971 1179 1159 1221 divertat
1183 1196 1210 1220 a
1231 1179 1360 1232 malo,
1391 1189 1431 1220 et
1453 1180 1591 1237 saciat
1624 1179 1796 1231 bonum,
1834 1179 2026 1236 inquirat

498 1265 672 1308 pacem,
699 1259 741 1291 et
764 1259 972 1308 sequatur
992 1265 1105 1300 eam,
1150 1254 1254 1308 qaia
1290 1250 1404 1292 oculi
1439 1251 1616 1292 Domini
1651 1263 1783 1306 super
1810 1251 1955 1307 justos
1985 1257 2026 1290 et

503 1336 633 1363 aures
658 1323 751 1378 ejus
771 1321 832 1362 ad
849 1336 1001 1378 preces
1028 1336 1177 1362 eorum
1193 1325 1224 1364 ⁰.
1257 1321 1483 1374 Quantum
1504 1336 1555 1362 ex
1578 1320 1697 1362 vobis
1723 1330 1803 1370 est,
1826 1334 2024 1361 cumom-

502 1391 633 1434 nibus
657 1391 907 1433 hominibus
934 1407 1081 1449 pacem
1120 1391 1345 1436 habentes.
1381 1392 1435 1435 Et
1467 1391 1542 1442 sic,
1581 1390 1806 1452 pervenire
1842 1388 2024 1450 incipies

502 1462 557 1508 ad
579 1477 806 1509 numerum
826 1461 1145 1507 salvandorum.

575 1817 707 1865 LIII.
805 1817 1147 1863 CAPITULUM
1182 1816 1753 1872 QUINTUMDECIMUM.

561 2031 600 2072 O
628 2030 804 2073 domine
841 2030 901 2072 mi
935 2046 1027 2082 rex,
1064 2030 1239 2073 adverte
1268 2031 1516 2090 diligenter,
1555 2041 1598 2073 et
1635 2029 1774 2072 scribe
1807 2030 1853 2072 in
1886 2029 2022 2088 portis

500 2101 602 2154 tuis,
626 2102 672 2143 in
696 2101 806 2143 aulis
826 2116 1007 2152 camere,
1037 2112 1080 2143 et
1112 2101 1373 2159 ubicumque
1412 2101 1455 2143 in
1493 2101 1616 2144 ostiis
1644 2111 1687 2143 et
1719 2100 1933 2153 fenestris,
1973 2116 2023 2143 ac

501 2172 685 2230 singulis
708 2172 878 2225 diebus,
909 2172 952 2214 in
975 2172 1104 2214 corde
1131 2183 1205 2214 tuo
1233 2172 1417 2225 revolve,
1449 2183 1491 2214 et
1526 2172 1579 2214 ad
1611 2187 1802 2214 mensam
1838 2171 1944 2230 lege,
1979 2182 2023 2214 et

499 2242 624 2285 nullo
646 2243 775 2284 modo
797 2242 939 2285 tradas
965 2242 1193 2296 oblivioni,
1211 2243 1321 2285 illud
1347 2242 1614 2285 salutiferum
1638 2242 1867 2284 consilium
1893 2253 1935 2284 et
1953 2241 2020 2284 di-

502 2313 651 2356 vinum
677 2313 822 2372 sepius
842 2313 1091 2372 repetitum,
1129 2314 1246 2372 quod
1278 2314 1494 2356 Dominus
1528 2313 1803 2371 omnipotens
1834 2311 2022 2355 consulit

499 2400 578 2443 per
613 2385 786 2426 beatum
823 2385 1022 2443 Moysen,
1063 2384 1395 2426 Deuteronomii
1436 2401 1582 2427 xxxu:
1632 2384 1807 2426 Utinam
1843 2399 2021 2442 saperes

500 2464 541 2497 et
565 2455 830 2513 intelligeres
850 2471 903 2497 ac
927 2458 1161 2498 novissima
1177 2456 1446 2512 provideres.
1482 2455 1521 2497 Ο
1550 2454 1657 2497 mira
1688 2465 1731 2496 et
1767 2454 1886 2497 utilis
1926 2469 2022 2496 sen·

500 2525 655 2577 tencia,
687 2542 775 2568 non
798 2525 946 2579 semel,
964 2525 1038 2568 sed
1064 2525 1208 2584 sepius
1229 2525 1299 2568 die
1326 2536 1538 2583 nocteque
1555 2525 1809 2584 repetenda!
1842 2524 2019 2567 Utinam

499 2611 670 2654 saperes
694 2607 736 2638 et
763 2596 1026 2655 intelligeres
1041 2612 1088 2638 ac
1108 2596 1340 2639 novissima
1362 2596 1632 2655 provideres.
1665 2596 1863 2654 Saperes,
1880 2596 1925 2638 id
1936 2605 2016 2647 est,

497 2667 610 2708 viam
630 2666 683 2709 ad
704 2667 843 2709 celum
877 2682 1169 2725 cognosceres,
1211 2667 1256 2709 in
1298 2683 1384 2726 quo
1419 2678 1522 2710 sunt
1551 2667 1707 2709 divicie
1729 2677 1771 2709 et
1797 2666 1950 2709 delicie
1978 2677 2022 2709 et

498 2737 701 2780 honores.
733 2739 816 2790 Ibi,
847 2753 1012 2780 summa
1033 2738 1252 2791 securitas,
1275 2738 1454 2780 felicitas
1475 2753 1656 2791 summa,
1690 2737 1791 2780 felix
1825 2737 2017 2788 libertas,

498 2807 603 2850 felix
625 2808 867 2852 beatitudo.
895 2810 950 2851 Et
968 2809 1248 2867 intelligeres,
1274 2808 1450 2860 scilicet,
1480 2808 1591 2851 viam
1618 2824 1701 2867 que
1726 2807 1844 2850 ducit
1878 2807 1932 2850 ad
1952 2807 2021 2850 in·-

498 2878 686 2932 fernum,
723 2879 769 2921 in
803 2895 890 2937 quo
921 2890 985 2922 est
1010 2879 1136 2922 dolor
1174 2878 1477 2931 intolerabilis,
1512 2879 1622 2922 fetor
1653 2877 2017 2937 incomparabilis,

498 3054 543 3094 V,
562 3055 596 3089 3.
617 3073 657 3080 —
682 3054 720 3088 d.
742 3054 792 3088 IV
814 3054 970 3095 Esdrae,
991 3055 1061 3096 111,
1083 3057 1141 3091 28.
1163 3075 1206 3083 -
1222 3067 1255 3091 e.
1271 3055 1359 3091 lsai.
1383 3054 1548 3097 XXXIX,
1566 3057 1599 3091 8.
1622 3057 1708 3103 —fi
1725 3054 1843 3090 Hebr.
1860 3054 1943 3097 XII,
1960 3056 2019 3091 14.

498 3121 549 3129 -
573 3114 609 3149 g.
632 3101 648 3135 1
669 3102 770 3137 Petr.
791 3102 857 3143 111,
880 3104 936 3143 10,
960 3104 1016 3143 11,
1041 3104 1097 3138 12.
