2314 3736
939 404 1178 446 —147—

291 494 450 538 siastici
472 511 549 537 vu:
571 496 731 538 Melius
753 505 816 537 est
838 511 993 537 nomen
1013 495 1167 536 bonum
1185 510 1317 553 quam
1341 503 1562 552 unguenta
1571 497 1813 551 preciosa0.

291 568 416 610 Unus
451 582 523 608 rex
552 566 628 624 qui
666 565 767 608 facit
798 565 1110 608 monasterium
1144 565 1198 606 de
1232 563 1460 622 religiosis,
1493 564 1559 606 vel
1588 580 1719 606 unam
1742 564 1815 606 do·

292 653 413 680 mum
433 637 677 696 religiosam
699 653 959 695 pauperum,
987 636 1127 678 multo
1150 635 1248 694 plus
1275 634 1467 693 adquirit
1493 635 1591 686 sibi,
1623 651 1754 693 quam
1782 634 1817 678 si

293 708 451 751 faceret
480 707 599 750 mille
627 719 763 750 castra
791 707 832 749 in
866 723 998 766 regno
1032 723 1126 749 suo.
1164 706 1277 760 Quia
1308 718 1356 748 ut
1387 706 1683 748 communiter
1715 706 1817 748 dici-

293 790 380 833 tur,
406 778 482 822 ubi
509 790 573 821 est
601 795 738 830 unum
765 790 971 829 castrum,
1003 777 1293 820 deterioratur
1319 793 1395 836 per
1425 777 1535 820 illud
1559 788 1643 819 tota
1680 777 1816 836 patria

292 850 648 909 circumquaque.
680 850 765 892 Sed
796 849 870 892 ubi
902 860 966 892 est
992 866 1129 891 unum
1153 848 1465 891 monasterium
1494 848 1816 907 religiosorum,

294 920 549 964 melioratur
576 932 663 963 tota
690 921 827 980 patria
857 920 1212 978 circumquaque.
1243 921 1538 962 Transeuntes
1566 931 1711 962 autem
1744 934 1821 978 per

294 992 574 1051 sepulchrum
607 991 784 1034 alterius
806 991 932 1050 regis,
963 991 1115 1033 dicunt
1136 990 1188 1032 de
1210 989 1331 1049 ipso:
1363 992 1450 1033 Istc
1478 990 1561 1032 fuit
1588 1001 1817 1050 tyrannus,

295 1063 416 1106 nulla
448 1062 530 1105 fuit
568 1067 651 1122 pax
681 1062 725 1105 in
760 1074 956 1121 tempore
997 1078 1091 1116 su0‚
1139 1061 1231 1120 ipse
1278 1078 1365 1104 non
1405 1062 1598 1104 solvebat
1642 1061 1817 1116 debita3

294 1133 517 1177 auferebat
555 1135 669 1176 bona
714 1151 735 1176 a
777 1133 1059 1192 pauperibUS,
1104 1133 1240 1191 gallos
1279 1144 1322 1174 et
1375 1132 1572 1191 gallinas,
1621 1144 1818 1185 avenam,

298 1205 445 1248 fenum
474 1204 670 1257 abstulit,
695 1216 736 1246 et
755 1204 888 1247 multa
912 1204 994 1246 alia
1021 1204 1130 1246 mala
1160 1203 1260 1246 fecit
1286 1215 1328 1246 et
1355 1204 1622 1262 ubicumque
1648 1215 1823 1247 venerat

296 1286 385 1319 tota
419 1274 557 1334 patria
596 1275 956 1319 deteriorabatur.
1001 1276 1182 1333 Semper
1222 1274 1304 1317 fuit
1339 1274 1465 1317 dolor
1490 1286 1533 1316 et
1560 1274 1740 1318 tristicia
1774 1275 1819 1317 in

297 1346 484 1389 adventu
514 1362 609 1400 suo,
640 1346 908 1404 ubicumque
941 1357 1127 1388 venerat.
1163 1347 1347 1398 Tamen,
1374 1345 1418 1387 in
1452 1345 1553 1399 fine,
1592 1361 1692 1388 cum
1728 1362 1822 1389 nar-

297 1429 501 1460 raverunt
525 1417 660 1459 multa
682 1417 791 1459 mala
820 1417 873 1459 de
901 1417 1011 1475 ipso,
1043 1428 1147 1459 tunc
1171 1416 1346 1459 dicunt:
1373 1427 1518 1475 parcat
1538 1418 1658 1459 Deus
1679 1417 1825 1461 anime

299 1505 389 1531 sue.
428 1489 535 1531 Ecce
570 1499 785 1547 quantum
824 1488 934 1530 male
966 1487 1157 1546 pascitur
1186 1487 1330 1530 anima
1368 1489 1462 1545 ejus
1501 1499 1600 1546 post
1637 1499 1822 1531 mortem

298 1576 437 1612 suam,
466 1575 565 1602 cum
589 1570 654 1601 tot
682 1559 792 1601 mala
814 1570 1048 1601 narrantur
1068 1559 1121 1600 de
1143 1558 1252 1617 ipso.
1279 1558 1364 1600 Sed
1391 1559 1444 1600 de
1469 1558 1699 1602 animabus
1732 1558 1823 1602 illo-

298 1647 396 1673 rum
423 1646 591 1689 regum,
624 1630 730 1688 quid
762 1629 874 1672 scit?
913 1629 1022 1672 Dico
1062 1629 1158 1682 tibi,
1195 1629 1315 1688 quod
1354 1629 1430 1688 qui
1470 1630 1583 1672 bona
1621 1642 1822 1689 egerunt,

299 1701 428 1750 ibunt
455 1701 497 1743 in
529 1701 660 1744 vitam
687 1712 897 1755 eternam,
928 1712 970 1743 et
1002 1700 1077 1759 qui
1112 1701 1223 1743 male
1253 1717 1296 1743 se
1331 1700 1580 1755 habuerint,
1613 1701 1696 1744 nisi
1725 1713 1827 1744 ante

300 1784 484 1815 mortem
527 1773 658 1831 digne
702 1760 987 1831 penituerint‚
1035 1783 1247 1830 perpetuo
1280 1783 1410 1814 erunt
1454 1771 1497 1814 in
1542 1771 1729 1817 inferno.
1773 1773 1828 1815 Et

300 1855 421 1894 tunc,
467 1854 652 1903 possunt
694 1842 838 1885 dicere
878 1842 987 1885 illud
1029 1842 1277 1901 Sapientiae
1322 1851 1405 1885 1v⁰:
1451 1845 1545 1886 Nos
1585 1847 1827 1887 erravimus

300 1931 329 1956 a
357 1919 426 1959 via
448 1918 658 1967 veritatis,
681 1915 879 1956 etlumen
896 1917 1077 1972 justicie
1106 1930 1193 1956 non
1214 1915 1325 1956 luxit
1344 1915 1483 1967 nobis,
1509 1918 1553 1956 in
1581 1918 1650 1958 via
1672 1916 1825 1973 perdi-

301 1989 435 2028 cionis
468 1996 510 2029 et
544 1988 784 2044 iniquitatis
813 1995 854 2027 et
881 1986 1200 2028 ambulavimus
1228 1988 1320 2028 vias
1346 1986 1572 2041 difficiles:
1608 1989 1716 2029 viam
1748 1987 1827 2028 Do-

302 2061 410 2100 mini
427 2063 741 2116 ignoravimus.
769 2057 888 2114 Quid
902 2057 1025 2098 nobis
1034 2057 1204 2114 profuit
1220 2057 1437 2114 superbia,
1463 2066 1543 2098 aut
1568 2057 1828 2099 diviciarum

292 2131 520 2187 jactancia
559 2128 738 2170 contulit
768 2128 931 2169 nobis?
978 2128 1264 2169 Transierunt
1303 2130 1450 2169 omnia
1483 2128 1563 2170 illa
1606 2137 1827 2186 tamquam

305 2200 453 2242 umbre
488 2210 529 2241 et
568 2209 779 2257 tanquam
812 2214 1082 2256 percurrens
1114 2204 1313 2251 nuncius,
1354 2208 1567 2257 tanquam
1600 2202 1724 2242 navis
1758 2205 1831 2257 qui

295 2277 542 2330 pertransit
571 2270 856 2329 fluctuantem
895 2284 1084 2328 aquam:
1130 2271 1269 2327 cusu-⁵¹2
1322 2285 1418 2311 cum
1448 2273 1702 2326 preterierit
1743 2285 1830 2312 non

305 2353 368 2385 est
387 2345 610 2400 vestigium
632 2343 728 2399 ejus
754 2344 961 2394 invenire,
995 2356 1131 2399 neque
1162 2346 1363 2382 semitam
1391 2341 1507 2382 illius
1535 2347 1748 2383 inventam
1786 2347 1831 2382 in

300 2413 525 2473 fluctibus.
563 2416 656 2454 Aut
693 2418 785 2456 avis
818 2415 895 2471 qui
924 2412 1166 2454 transvolat
1202 2415 1246 2453 in
1277 2426 1379 2453 aere
1414 2412 1580 2454 nullum
1613 2414 1832 2455 invenitur

304 2488 472 2543 signum
500 2487 668 2526 itineris
694 2483 840 2526 illius:
864 2483 943 2524 sed
970 2492 1139 2524 tantum
1170 2485 1338 2523 sonitus
1367 2492 1430 2524 est
1458 2483 1649 2535 alarum,
1681 2484 1829 2526 verbe-

307 2571 411 2597 rans
437 2555 567 2598 levem
595 2564 779 2607 ventum,
814 2563 854 2595 et
881 2554 1081 2595 scindens
1109 2570 1191 2610 per
1218 2556 1300 2596 vim
1326 2556 1492 2595 itineris
1517 2569 1693 2595 aerem:
1721 2570 1830 2596 com-

244 2655 255 2665 (
309 2629 433 2667 motis
465 2625 547 2667 alis
568 2624 812 2668 transvolat
831 2633 987 2681 etpost
1007 2623 1083 2665 lieo
1108 2625 1279 2666 nullum
1298 2629 1466 2682 signum
1497 2627 1664 2666 itineris
1691 2625 1823 2667 illius.

307 2696 399 2739 Aut
420 2706 624 2754 tanquam
653 2698 812 2752 sagitte
838 2698 990 2736 emisse
1018 2698 1062 2736 in
1089 2696 1227 2736 locum
1253 2695 1534 2747 destinatum,
1560 2696 1722 2738 divisus
1754 2710 1834 2736 aer

309 2770 514 2809 continuo
553 2767 748 2808 reclusus
786 2774 848 2809 est
887 2769 931 2808 in
967 2782 1026 2819 se,
1072 2776 1117 2808 ut
1158 2768 1386 2823 ignoretur
1427 2772 1641 2808 transitus
1686 2766 1832 2820 illius,-

307 2844 370 2880 sic
408 2847 448 2879 et
477 2853 552 2878 nos
591 2840 686 2878 nati
718 2843 918 2878 continuo
951 2837 1187 2878 desinimus
1220 2851 1335 2878 esse:
1377 2847 1418 2879 et
1457 2839 1625 2879 virtutis
1664 2837 1834 2878 nullum

307 2912 478 2967 signum
500 2909 632 2951 valem
641 2924 689 2948 us
710 2909 947 2950 ostendere.
973 2908 1251 2965 Malignitate
1269 2917 1414 2950 autem
1431 2917 1581 2949 nostra
1595 2911 1837 2965 consumpti

308 2995 473 3023 sumus,
509 2979 634 3020 Talia
655 2980 862 3021 dixerunt
889 2979 936 3020 hi
954 2982 1031 3037 qui
1045 2988 1334 3036 peccaverunt
1359 2981 1564 3036 quoniam
1592 2994 1689 3035 spes
1716 2979 1840 3035 impii

312 3060 520 3109 tanquam
540 3051 691 3107 fumus
711 3066 738 3091 a
759 3059 878 3092 vento
899 3049 1094 3107 diffusus,
1125 3059 1165 3091 et
1189 3059 1399 3107 tanquam
1422 3051 1631 3090 memoria
1658 3048 1837 3105 hospitis

313 3123 438 3163 unius
455 3122 540 3162 diei
555 3124 844 3177 pretereuntis
859 3118 890 3163 d.
911 3121 995 3162 Sed
1017 3120 1070 3161 de
1098 3120 1221 3162 bonis
1249 3120 1422 3178 regibus
1449 3119 1609 3161 dicitur
1638 3118 1800 3160 ibidem
1822 3134 1830 3159 ε

310 3193 431 3234 Iusti
449 3194 492 3233 in
511 3201 771 3250 perpetuum
799 3195 936 3235 vivent
961 3201 1000 3233 et
1022 3192 1142 3249 apud
1155 3192 1386 3233 Dominum
1408 3200 1473 3233 est
1500 3205 1665 3232 merces
1691 3204 1836 3232 eorum
