2314 3736
1119 309 1358 351 —156—

471 417 558 444 cem
581 411 621 443 et
647 402 763 443 Deus
776 405 903 459 pacis
923 409 963 442 et
989 399 1230 442 dilectionis
1249 402 1333 442 erit
1359 400 1615 444 vobisc-ama.
1643 401 1854 446 Similiter
1889 405 1996 448 sub-

470 471 567 515 veni
589 471 666 524 eis,
697 471 739 513 in
771 469 1100 513 necessitatibus
1119 481 1162 512 et
1183 470 1370 513 maxime
1391 471 1495 530 ipsis
1524 488 1599 530 per
1616 489 1727 532 quos
1753 475 1872 518 Deus
1901 475 2008 519 ma?

469 542 535 602 gis
575 543 814 585 honoratur
840 541 883 583 in
927 540 1108 585 mundo.
1145 542 1207 583 Ex
1237 541 1315 583 liae
1353 542 1599 586 monicioue
1631 544 1844 603 sequitur,
1874 547 1994 604 quod

470 630 558 657 non
575 613 706 656 debes
726 628 878 672 capere
897 613 1008 655 bona
1024 611 1224 670 alicujuS,
1249 612 1342 672 ipso
1364 613 1516 668 invito,
1540 614 1658 673 quod
1679 614 1713 657 si
1729 615 1878 659 feceris
1905 633 1994 661 non

474 695 538 728 est
558 701 656 744 pax.

529 823 772 870 XXXVI.
820 825 927 867 Item
976 825 1140 867 honora
1192 836 1390 883 parentes
1441 836 1553 880 tuos,
1593 839 1836 871 reverenter
1877 845 1996 873 serva

471 896 674 939 mandata
697 911 865 939 eorum.
899 897 960 937 Ex
983 895 1062 937 hac
1084 895 1329 937 monicione
1357 895 1569 954 sequitur,
1600 898 1718 956 quod
1746 915 1835 942 non
1862 900 1994 944 debes

470 969 582 1010 bona
609 982 760 1026 capere
786 967 987 1025 alicujus,
1019 966 1114 1025 ipso
1137 966 1288 1018 invito,
1315 967 1416 1026 quia
1440 968 1693 1011 mandatum
1721 981 1786 1013 est
1813 970 1894 1013 Dei
1921 971 1996 1031 qui

468 1038 598 1081 debet
631 1054 722 1080 esse
754 1049 876 1096 pater
911 1049 1027 1080 tuus.
1066 1037 1205 1080 Exodi
1236 1054 1320 1080 xx:
1355 1039 1485 1096 Quod
1516 1056 1602 1082 non
1635 1041 1761 1083 debes
1795 1045 1996 1101 concupi-

466 1126 586 1152 scere
606 1126 675 1151 res
700 1110 914 1152 alienas-⁰.
956 1110 1070 1167 Ergo
1099 1108 1239 1151 multo
1282 1108 1440 1151 sorcius
1478 1126 1565 1152 non
1602 1111 1732 1154 debes
1753 1128 1904 1171 capere
1930 1129 1996 1156 res

468 1180 646 1234 alienas,
678 1180 814 1222 invito
830 1180 1025 1223 domino.
1048 1180 1204 1221 Matth.
1237 1197 1292 1222 v11
1312 1197 1319 1223 :
1347 1180 1507 1223 Omnia
1533 1198 1791 1242 quecumque
1808 1184 1934 1226 valtis
1951 1194 1999 1227 ut

463 1253 632 1311 faciant
657 1252 774 1294 vobis
804 1251 1022 1303 lzomines;
1050 1254 1110 1292 ita
1149 1261 1190 1293 et
1217 1267 1288 1293 vos
1317 1252 1455 1310 facite
1487 1251 1611 1298 illis-⁶,
1653 1254 1738 1295 Sed
1773 1265 1818 1296 tu
1855 1254 1995 1298 nolles

468 1323 589 1381 quod
615 1322 713 1381 quis
733 1333 904 1380 caperet
932 1322 1044 1364 bona
1066 1333 1154 1372 tua,
1188 1332 1228 1363 te
1250 1322 1404 1373 invito,
1446 1322 1547 1365 dato
1574 1324 1691 1381 quod
1719 1341 1867 1367 verum
1902 1341 1994 1384 pre-

470 1395 586 1436 cium
615 1393 717 1436 velit
739 1394 817 1435 tibi
841 1392 1019 1444 solvere,
1045 1409 1145 1451 ergo
1173 1408 1250 1434 nec
1277 1404 1323 1435 tu
1347 1393 1484 1436 facere
1515 1394 1647 1436 debes
1673 1395 1762 1447 alii,
1793 1411 1872 1438 nec
1898 1412 1996 1454 per-

473 1465 645 1507 mittere
665 1465 812 1516 debes,
835 1464 955 1522 quod
983 1464 1215 1506 servientes
1238 1465 1302 1506 tui
1331 1465 1504 1518 faciant,
1527 1465 1561 1507 si
1587 1466 1773 1508 volueris
1795 1467 1888 1509 Deo
1911 1466 1996 1526 pla·

470 1552 579 1580 cere.
607 1537 732 1587 Item,
752 1535 1033 1577 ecclesiastica
1058 1535 1171 1576 bona
1188 1535 1357 1577 idoneis
1380 1536 1590 1593 personis,
1614 1535 1668 1578 (le
1685 1537 1867 1579 consilio
1888 1537 1997 1580 viro-

469 1623 567 1649 rum
588 1606 898 1665 spiritualium,
918 1617 960 1648 et
975 1606 1034 1648 eis
1053 1606 1129 1664 qui
1144 1606 1316 1648 nullum
1338 1606 1516 1664 aliquod
1533 1607 1696 1649 habent
1711 1607 1986 1651 beneficium.

470 1677 635 1720 Eodem
664 1677 811 1729 modo,
836 1677 1014 1718 domine
1035 1693 1124 1728 rex,
1155 1677 1336 1719 consulo
1364 1677 1482 1736 quod
1514 1689 1559 1720 tu
1594 1677 1784 1732 ordines,
1817 1678 1872 1721 de
1895 1679 1996 1722 hos-

469 1749 579 1808 pitio
606 1759 648 1791 et
670 1747 724 1790 de
754 1748 916 1790 familia
945 1759 1017 1790 tua
1045 1747 1286 1790 secundum
1311 1748 1542 1790 consilium
1568 1749 1759 1791 virorum
1789 1749 1994 1808 spiritua-

468 1819 594 1873 lium,
612 1819 789 1862 attentis
807 1819 1039 1877 diligenter
1053 1818 1213 1860 debitis
1235 1819 1337 1871 tuis,
1362 1829 1403 1860 et
1418 1818 1576 1861 debitis
1596 1820 1729 1878 patris
1746 1820 1825 1871 tui,
1849 1831 1891 1862 et
1907 1821 1990 1872 avi,

471 1906 556 1950 que
583 1901 702 1942 sunt,
726 1901 774 1932 ut
800 1890 976 1942 dicitur,
1002 1889 1191 1940 infinita,
1215 1889 1269 1932 ad
1293 1905 1480 1948 quorum
1503 1890 1701 1932 omnium
1725 1890 1994 1934 solucionem

471 1972 518 2004 tu
548 1961 723 2014 teneris,
753 1971 796 2002 et
816 1960 929 2014 ideo,
959 1976 1058 2003 cave
1086 1961 1181 2003 tibi.

532 2099 797 2147 XXXVII.
834 2102 960 2152 Item,
990 2117 1089 2143 cave
1110 2117 1163 2142 ne
1189 2102 1352 2159 absque
1376 2116 1530 2159 magno
1550 2101 1732 2144 consilio
1765 2101 1881 2159 (cum
1917 2102 1997 2144 ali-

472 2174 573 2231 quo)
600 2188 798 2231 guerram
825 2172 1006 2230 incipias
1032 2172 1284 2214 christiano.
1316 2173 1370 2214 Et
1390 2172 1425 2213 si
1444 2183 1656 2230 oporteat,
1685 2173 1748 2215 sac
1773 2183 1911 2225 caute,
1946 2189 2000 2215 ne

471 2244 726 2286 innocentes
747 2254 822 2285 aut
848 2243 1023 2285 ecclesie
1049 2243 1113 2285 vel
1136 2258 1201 2285 res
1217 2242 1492 2284 ecclesiarum
1515 2243 1608 2285 sine
1636 2243 1790 2285 merito
1813 2244 1996 2302 punian-

472 2326 558 2358 tur.
602 2316 658 2356 Et
689 2330 819 2372 quam
854 2314 939 2356 cito
984 2314 1161 2372 poteris,
1204 2313 1378 2372 pacifica
1404 2330 1579 2371 guerras
1618 2325 1659 2356 et
1693 2314 1997 2356 contenciones

472 2397 583 2439 tuas,
601 2396 643 2427 et
663 2386 797 2427 eciam
820 2385 1099 2427 subditorum
1117 2395 1309 2435 tuorum,
1329 2384 1440 2426 sicut
1457 2384 1557 2426 fecit
1570 2385 1719 2427 beatus
1740 2385 1992 2427 Mauricius.

473 2456 559 2499 Sed
585 2456 774 2507 adverte,
799 2455 976 2498 domine
997 2471 1086 2509 rex,
1109 2455 1227 2513 quod
1256 2455 1349 2497 sine
1384 2457 1500 2497 bono
1528 2455 1710 2498 consilio
1739 2455 1841 2498 facis
1874 2471 1996 2515 guer-

472 2543 562 2570 ram
600 2527 781 2586 singulis
814 2527 984 2578 diebus,
1023 2526 1234 2585 capiendo
1276 2528 1390 2568 bona
1435 2526 1703 2569 diversorum
1747 2526 1993 2580 hominum,

472 2599 577 2658 ipsis
599 2597 761 2640 invitis.
787 2598 840 2639 Et
865 2597 978 2650 ideo,
997 2597 1176 2640 consulo
1198 2613 1276 2656 pro
1299 2608 1375 2639 tuo
1395 2597 1624 2639 commodo
1642 2609 1685 2639 et
1699 2597 1865 2640 honore
1880 2598 1998 2656 quod

472 2680 519 2711 tu
548 2668 744 2728 pacificas
772 2668 1025 2726 hujusmodi
1053 2684 1242 2727 guerras,
1268 2669 1361 2710 sine
1393 2683 1526 2719 mora,
1552 2668 1587 2710 si
1613 2668 1802 2711 volueris
1826 2669 1921 2722 tibi,
1956 2679 2001 2711 et

474 2740 565 2783 filio
588 2751 679 2792 tuo,
709 2755 893 2798 regnum
915 2755 1183 2790 conservare,
1214 2750 1256 2781 et
1283 2739 1363 2781 hoc
1383 2750 1446 2781 est
1479 2750 1682 2792 statuere,
1716 2739 1835 2797 quod
1868 2739 1994 2797 quili-

475 2812 549 2853 bet
565 2811 701 2870 possit
721 2826 812 2852 esse
838 2810 1042 2852 dominus
1068 2826 1213 2852 rerum
1248 2826 1451 2863 suarum;
1487 2809 1686 2853 videlicet
1719 2826 1773 2852 ue
1804 2810 1902 2869 quis
1928 2825 1998 2853 ca-

476 2883 567 2940 piat
595 2882 706 2924 bona
730 2881 885 2933 aliena,
909 2881 1090 2923 domino
1111 2897 1256 2923 rerum
1279 2881 1432 2923 invito.

525 3029 562 3052 a.
592 3018 627 3052 II
643 3017 733 3052 Cor.
756 3018 858 3058 XIII,
883 3019 939 3052 11.

526 3112 563 3136 α.
588 3101 706 3135 Exod.
724 3100 802 3142 XX,
827 3102 882 3136 17.
903 3120 947 3127 —
967 3099 1000 3134 b.
1019 3100 1126 3135 Matt.
1152 3099 1235 3139 VII,
1258 3101 1322 3139 12;
1343 3099 1439 3146 (Luc
1461 3099 1526 3140 VI,
1546 3099 1621 3145 31).
