2314 3736
1140 358 1376 400 —100—

496 447 630 506 hujus
663 458 845 498 extorta,
877 447 1038 489 babent
1064 446 1227 491 litteras
1254 459 1349 490 tuas
1383 447 1442 490 sic
1481 447 1678 491 faciendi.
1710 448 1912 509 Adverte‚
1941 449 2017 493 do-

496 518 613 561 mine
639 534 729 570 rex,
762 517 816 560 ad
839 517 1053 575 judicium
1082 518 1231 561 datum
1262 530 1412 561 contra
1443 534 1586 576 regem
1619 518 1776 572 David,
1806 519 1851 562 in
1877 520 2016 563 consi-

495 589 587 631 mili
623 589 749 640 sacto,
793 599 840 631 ut
868 588 1028 631 dicitur
1060 588 1087 646 ij
1118 591 1283 647 Regum
1317 589 1403 647 xij:
1436 590 1557 631 Misit
1589 591 1798 631 Dominus
1828 591 2013 634 Nathan

486 659 748 718 prophetam
778 659 839 700 ad
870 659 1040 702 David:
1077 662 1153 718 qui
1183 676 1278 701 cum
1320 662 1500 703 venisset
1524 660 1637 701 delcit
1668 662 1710 701 ei
1738 675 1751 701 :
1783 659 2014 718 Responde

495 729 624 772 michi
649 729 882 787 judicium.
910 731 1001 771 Duo
1033 732 1116 772 viri
1133 740 1260 772 erant
1280 733 1324 772 in
1353 732 1523 773 civitate
1550 746 1652 782 una,
1685 746 1796 772 unus
1815 731 1944 783 dives,
1975 740 2016 772 et

492 801 608 843 alter
630 815 818 858 pauper.
851 801 977 842 Dives
1003 800 1184 842 habebat
1210 816 1324 853 oves,
1350 810 1390 842 et
1427 801 1549 843 boves
1574 801 1809 858 plurimos,
1841 817 2015 859 pauper

492 880 635 913 autem
660 870 795 913 nichil
822 870 1023 923 habebat,
1054 874 1139 913 nisi
1157 887 1286 913 unam
1309 887 1442 914 ovem.
1464 871 1542 912 Ille
1566 872 1683 914 dives
1702 871 1877 914 abstulit
1895 887 2012 915 ovem

484 944 711 1000 pauperis.
748 942 898 984 Iratus
931 942 1076 984 David
1099 942 1402 999 indignacionis
1431 942 1641 984 adversus
1674 942 1793 984 illum
1820 942 2010 995 divitem,

493 1013 608 1055 dixit
633 1013 695 1054 ad
711 1011 891 1056 Nathan
908 1027 921 1054 :
941 1012 1020 1054 Ille
1046 1013 1162 1055 dives
1192 1022 1257 1055 est
1274 1013 1394 1069 silius
1413 1018 1563 1054 mortis
1589 1022 1630 1054 et
1655 1028 1771 1055 ovem
1793 1013 1942 1055 reddet
1969 1015 2014 1055 in

493 1083 806 1142 quadruplum.
837 1084 962 1125 Dixit
986 1093 1125 1124 autem
1149 1083 1330 1127 Nathan
1355 1084 1416 1125 ad
1441 1084 1584 1125 David
1603 1099 1612 1124 :
1649 1084 1706 1125 Tu
1732 1100 1777 1125 es
1809 1084 1884 1126 ille
1901 1086 2009 1126 vir-⁰.

494 1154 607 1196 Cum
635 1169 735 1212 ergo
757 1164 819 1203 tu,
844 1152 1023 1195 domine
1055 1169 1144 1205 rex,
1176 1154 1308 1196 habes
1329 1169 1428 1195 oves
1454 1164 1496 1195 et
1522 1155 1667 1206 boves,
1697 1153 1831 1212 gallos
1860 1164 1903 1196 et
1921 1153 2012 1212 gal-

493 1223 603 1266 linas
632 1223 756 1282 quasi
787 1223 995 1275 infinitas,
1026 1240 1113 1266 non
1147 1224 1288 1266 solum
1316 1224 1460 1266 aufers
1486 1240 1586 1266 oves
1612 1235 1653 1266 et
1686 1225 1815 1266 boves
1841 1225 1895 1266 ab
1925 1239 2013 1266 uno

492 1293 686 1346 homine,
729 1294 802 1336 sed
841 1311 862 1336 a
902 1294 1068 1347 multis,
1112 1306 1170 1348 et,
1212 1295 1313 1337 dato
1353 1294 1470 1353 quod
1510 1311 1675 1353 pauper
1724 1294 1881 1337 mulier
1923 1309 2012 1336 non

490 1364 649 1407 habeat
680 1364 762 1407 nisi
793 1380 924 1407 unam
952 1364 1173 1423 gallinam,
1203 1365 1345 1407 adhuc
1368 1377 1411 1407 tu
1431 1359 1574 1408 aufers
1601 1365 1735 1418 illam,
1765 1365 1916 1407 saltem
1938 1379 2015 1423 per

491 1446 590 1478 tuos
611 1435 859 1480 servientes.
890 1434 1060 1478 Videris
1081 1451 1182 1494 ergo
1203 1447 1249 1478 tu
1276 1435 1462 1494 qualiter
1487 1435 1680 1478 Domino
1707 1436 1800 1478 Deo
1821 1446 1897 1478 tuo
1923 1451 2012 1478 res-

491 1505 723 1565 pondebis.
760 1506 805 1548 Si
850 1517 996 1549 autem
1029 1506 1073 1547 in
1114 1506 1324 1549 nundinis
1368 1506 1466 1564 quis
1513 1506 1631 1549 dives
1669 1506 1799 1548 habet
1834 1522 1933 1548 oves
1971 1515 2014 1548 et

490 1577 621 1619 boves
647 1576 830 1636 pingues
857 1587 900 1618 et
920 1576 1121 1619 ostendat
1146 1577 1310 1619 litteras
1338 1577 1624 1636 proteccionis
1646 1588 1735 1630 tue,
1760 1576 1851 1636 ipse
1871 1586 2015 1636 potest

490 1662 590 1691 oves
618 1658 661 1690 et
681 1648 810 1690 boves
831 1663 932 1690 suos
953 1646 1198 1705 aliqualiter
1223 1647 1421 1690 liberare.

553 1775 635 1822 15.
673 1777 711 1818 Ο
739 1775 916 1818 domine
941 1792 1031 1828 rex,
1062 1776 1264 1818 erubesce
1299 1786 1340 1818 et
1375 1775 1673 1827 contremisce,
1708 1776 1884 1834 quando
1913 1792 1936 1819 a
1973 1787 2014 1819 te

490 1858 703 1907 petuntur
729 1847 984 1905 hujusmodi
1006 1847 1149 1890 littere
1170 1847 1471 1906 proteccionis.
1488 1847 1630 1890 Nicbil
1652 1847 1771 1890 aliud
1792 1858 1856 1890 est
1870 1847 2012 1890 dicere

491 1918 538 1961 in
565 1917 795 1971 effectum3
825 1917 925 1970 nisi,
957 1918 1134 1960 domine
1155 1934 1244 1970 rex,
1275 1934 1362 1960 non
1385 1933 1406 1960 a
1436 1919 1639 1976 regendo,
1665 1918 1737 1961 sed
1761 1935 1782 1961 a
1804 1918 2012 1977 rapiendo

488 1988 674 2031 concede
701 1987 832 2030 michi
863 1988 1028 2031 litteras
1055 1999 1166 2041 tuas,
1198 1987 1373 2040 scilicet,
1411 1988 1698 2047 proteccionis
1740 2005 1794 2031 ne
1824 1989 1923 2047 quis
1958 1989 2012 2031 ‹le

490 2059 652 2101 familia
683 2070 754 2102 tua
789 2059 930 2118 capiat
962 2060 1075 2101 bona
1103 2075 1195 2101 mea
1230 2071 1378 2101 contra
1418 2075 1555 2101 meam
1592 2059 1876 2110 voluntatem,
1911 2075 2009 2102 cum

490 2129 676 2188 quilibet
703 2130 756 2172 de
777 2129 941 2172 mundo
969 2129 1022 2172 de
1045 2132 1145 2188 jure
1164 2129 1389 2172 communi
1417 2130 1545 2172 debet
1567 2132 1646 2172 hoc
1681 2131 1852 2173 babere.
1883 2131 2006 2182 Item,

490 2200 554 2242 illi
581 2201 635 2243 de
668 2200 830 2243 familia
863 2211 952 2252 tua,
982 2200 1161 2259 capiunt
1187 2201 1240 2242 de
1263 2201 1416 2243 foresta
1450 2201 1503 2242 de
1530 2201 1803 2260 Wyndesore
1832 2212 1874 2243 et
1906 2200 2011 2244 locis

490 2270 658 2322 vicinis,
683 2270 898 2323 homines,
932 2282 1132 2323 careotas,
1163 2282 1206 2314 et
1226 2287 1360 2329 equos
1382 2287 1638 2330 pauperum,
1665 2282 1707 2314 et
1740 2271 2011 2330 compellunt

489 2357 561 2384 eos
587 2341 786 2384 recedere
805 2357 827 2383 a
855 2341 1059 2384 domibus
1080 2342 1284 2401 propriis,
1315 2357 1391 2400 per
1410 2343 1450 2383 X
1482 2341 1639 2395 leucas,
1675 2353 1718 2384 et
1747 2341 1907 2384 ibidem
1938 2357 2009 2384 ca-

489 2411 599 2454 riare
626 2413 821 2464 boscum,
851 2428 937 2455 non
973 2412 1113 2455 solum
1145 2428 1221 2471 per
1256 2423 1341 2454 tres
1377 2412 1442 2454 vel
1480 2423 1670 2470 quatuor
1691 2412 1798 2464 dies,
1829 2412 1902 2455 sed
1932 2428 2010 2471 per

487 2482 667 2535 multos,
690 2494 733 2525 et
759 2498 837 2541 pro
863 2482 1011 2525 labore
1032 2483 1197 2526 solvere
1224 2482 1506 2542 promittunt,
1544 2482 1618 2525 sed
1645 2483 1694 2536 [f.
1726 2484 1842 2536 137']
1874 2482 2009 2526 nichil

483 2553 671 2596 solvunt.
698 2554 752 2596 Et
772 2565 951 2613 propter
972 2553 1227 2611 hujusmodi
1250 2553 1359 2596 facta
1380 2553 1608 2607 diabolica,
1627 2564 1740 2596 terre
1762 2569 2007 2613 pauperum

481 2638 571 2666 non
606 2623 827 2675 coluntur,
860 2640 939 2667 nec
972 2623 1259 2675 seminantur,
1296 2639 1374 2666 nec
1403 2624 1567 2666 habent
1606 2639 1819 2682 pauperes
1862 2623 2007 2682 aliqua

482 2693 596 2736 bona
624 2709 700 2752 per
726 2710 811 2752 que
831 2705 1015 2753 possunt
1043 2694 1296 2752 hujusmodi
1325 2709 1458 2736 onera
1477 2693 1707 2746 sustinere,
1738 2705 1781 2736 et
1806 2693 1904 2736 ideo
1927 2693 2007 2737 cla·

486 2774 606 2805 mant
624 2763 679 2805 ad
706 2765 864 2816 Deum,
896 2764 1012 2806 unde
1036 2763 1198 2806 clamor
1217 2779 1369 2806 eorum
1397 2763 1601 2806 ascendet
1626 2762 1679 2805 ad
1706 2764 1867 2815 Deum,
1896 2762 2011 2806 sicut

485 2832 648 2876 clamor
683 2833 873 2876 filiorum
915 2834 1083 2877 Israelis
1121 2833 1314 2877 ascendit
1351 2833 1405 2875 ad
1446 2835 1587 2876 Deum
1619 2849 1731 2891 quos
1772 2834 2010 2892 gravabant

487 2903 653 2962 Egipcii
672 2904 754 2946 sub
779 2904 941 2956 labore,
967 2915 1015 2946 ut
1035 2904 1195 2947 dicitur
1214 2905 1321 2948 Exo.
1347 2904 1393 2962 ij.
1422 2903 1464 2946 in
1487 2903 1574 2945 fine
1595 2903 1796 2962 capituli3
1819 2903 1914 2946 talis
1929 2903 2010 2946 du-

487 2973 589 3016 ricia
612 2985 659 3016 ut
685 2974 860 3025 dicitur,
886 2990 971 3017 non
1002 2974 1133 3017 fiebat
1158 2975 1246 3032 (eis)
1270 2985 1464 3032 tempore
1485 2973 1620 3032 patris
1648 2973 1728 3017 tui.

536 3143 573 3168 a.
603 3133 637 3166 11
659 3133 954 3180 Reg.xi1,1-7.
