2444 3750
891 336 1152 382 f-—63—

282 476 391 507 rum
411 458 707 524 diripiendis,
737 466 982 505 exactores
1003 457 1178 504 versati
1197 464 1358 504 essent
1381 474 1393 515 ς
1423 458 1588 505 statuit
1614 475 1716 518 rex,
1745 476 1806 507 ne

283 549 389 614 quis
426 557 726 613 procurator,
761 548 808 594 in
835 555 1100 612 posterum,
1128 545 1187 593 ab
1215 545 1307 592 ulla
1340 545 1559 606 ecclesia,
1595 564 1684 595 nec
1710 548 1810 595 ullo

283 638 593 695 monasterio,
619 636 934 693 frumentum,
959 635 1140 693 fenum,
1159 653 1379 694 avenam,
1401 636 1616 698 jumenta
1640 654 1811 702 capere

256 726 501 784 auderet,
546 727 633 772 nisi
676 735 835 772 tamen
882 725 1063 772 litteras
1100 726 1285 772 minore
1324 734 1405 772 aut
1443 726 1625 789 majore
1658 726 1811 791 sigillo

285 824 470 863 notatas
485 816 746 881 accepisset
764 815 794 862 ¹.

348 907 568 965 Quorum
584 912 871 951 statutorum
883 904 1118 962 omnium,
1134 903 1230 950 (luo
1244 904 1523 969 praesertim
1540 904 1682 969 digna
1699 913 1812 952 sunt

283 1011 407 1059 quae
443 993 904 1052 animadvertantur,
945 1002 1112 1058 utpote
1151 1010 1275 1058 quae
1325 993 1516 1056 majoris
1557 995 1809 1052 momenti,

282 1100 428 1148 quam
457 1084 650 1148 quaevis
677 1083 766 1130 alia
793 1082 936 1130 fuisse
965 1083 1247 1141 videantur,
1287 1092 1553 1148 praeterea,
1594 1100 1652 1130 ex
1685 1100 1810 1131 com·
1849 1120 1853 1124 »

284 1173 416 1220 muni
444 1174 730 1238 scriptorum
762 1173 1008 1238 opinione,
1049 1171 1238 1219 libellus
1267 1173 1472 1219 Simonis
1498 1172 1612 1238 Islip
1638 1174 1812 1238 partim

284 1261 451 1309 saltem
472 1279 609 1309 causa
631 1261 719 1309 fuit
740 1279 826 1309 cur
848 1261 1106 1308 Edwardus
1127 1279 1182 1308 ea
1208 1262 1555 1327 promulgaret.

349 1355 532 1398 Horum
577 1352 719 1416 igitur
750 1368 918 1409 unum,
950 1352 1232 1415 vigesimum
1267 1352 1492 1416 quintum
1519 1368 1701 1397 annum
1731 1367 1812 1398 re·-

282 1449 460 1504 gnante
480 1440 712 1487 Edwardo
732 1443 816 1499 111,
834 1440 910 1487 die
932 1438 1051 1487 festo
1074 1441 1223 1487 sancti
1242 1439 1407 1486 Hilarii
1429 1439 1669 1505 prolatum
1689 1439 1808 1487 est².

284 1529 444 1590 Quod,
486 1547 596 1576 cum
628 1529 801 1576 multas
838 1530 1034 1592 injurias
1073 1529 1545 1594 consuetudinesque
1581 1530 1812 1594 pessimas

282 1627 581 1678 concuteret,
606 1619 723 1666 illud
744 1620 1027 1684 praesertim
1046 1618 1351 1684 prohibebat,
1370 1617 1629 1684 quominus
1641 1635 1814 1684 procu-

282 1716 467 1755 ratores
492 1709 624 1773 regii,
655 1710 703 1755 in
723 1709 939 1756 emendis
952 1708 1256 1766 victualibus,
1280 1709 1443 1773 iniqua
1465 1725 1691 1755 mensura
1714 1717 1812 1755 ute-

283 1805 468 1855 rentur,
498 1798 561 1844 ita
598 1805 648 1844 ut
684 1814 782 1844 non
809 1797 1004 1862 globosa
1035 1806 1163 1845 esset
1196 1796 1474 1862 superficies
1502 1796 1731 1844 frumenti
1762 1798 1811 1843 in

283 1884 362 1931 illa
388 1886 620 1944 contenti,
650 1886 732 1933 sed
756 1903 951 1951 prorsus
978 1887 1138 1952 plana.

348 1974 562 2021 Alterum
583 1992 696 2022 vero
723 1983 951 2022 statutum
979 1992 1109 2022 anno
1142 1976 1384 2040 trigesimo
1412 1984 1548 2022 sexto
1575 1975 1709 2040 regni
1739 1983 1812 2022 est

283 2062 541 2110 edictum³.
577 2068 730 2111 Tanto
768 2073 871 2111 erat
903 2065 951 2110 in
984 2064 1094 2111 odio
1134 2064 1262 2129 apud
1301 2081 1470 2111 omnes
1510 2063 1586 2111 vel
1632 2081 1811 2111 nomen

283 2153 425 2198 etiam
447 2154 787 2217 procuratoris,
822 2162 874 2199 ut
902 2154 1095 2215 jusserit
1121 2171 1205 2200 rex
1235 2153 1349 2200 illud
1379 2154 1426 2199 in
1454 2153 1659 2200 alterum
1691 2170 1812 2200 con-

282 2242 420 2300 verti,
444 2258 498 2289 ac
530 2241 760 2307 deinceps
794 2253 1036 2306 emptores
1066 2244 1220 2289 vocati
1250 2251 1379 2289 sunt.
1419 2243 1593 2289 Iisdem
1614 2242 1810 2289 ordina-

339 2427 375 2465 1.
408 2430 489 2464 Rot.
511 2429 640 2474 Parl.,
663 2433 690 2466 t.
715 2427 765 2472 11,
790 2439 857 2477 pp.
890 2427 976 2473 119,
1010 2427 1098 2471 152,
1120 2427 1209 2464 245.
1236 2448 1286 2455 —
1308 2430 1408 2465 Stat.
1433 2431 1504 2471 ΙΙΙ,
1532 2428 1577 2465 15
1601 2427 1710 2466 Edw.
1735 2431 1809 2473 ΙΙΙ,

282 2496 368 2535 cap.
392 2486 428 2531 6-‚
453 2498 491 2535 p.
514 2486 606 2524 298.
634 2507 685 2514 —
705 2491 807 2523 Stat.
826 2489 896 2531 ΙΙΙ,
923 2486 967 2522 18
990 2485 1097 2524 Edw.
1125 2490 1195 2530 ΙΙΙ,
1219 2498 1305 2536 cap.
1324 2487 1362 2530 4.
1387 2499 1424 2536 ρ.
1445 2487 1542 2525 303:
1563 2488 1618 2534 Qe
1638 2486 1806 2534 lestatut,

282 2543 487 2581 touchantz
513 2544 567 2582 les
593 2557 829 2595 purveances
852 2545 901 2582 de
928 2552 1070 2591 nostre,
1100 2553 1136 2582 et
1161 2546 1210 2583 de
1232 2557 1317 2591 noz,
1351 2546 1413 2582 fitz
1440 2558 1488 2583 en
1510 2553 1633 2596 temps
1662 2558 1805 2596 passez‚

283 2615 353 2653 par
371 2615 440 2640 nos
456 2610 493 2640 et
514 2617 582 2653 par
596 2617 666 2641 noz
684 2603 964 2654 progenstours,
989 2617 1062 2655 pur
1081 2611 1192 2653 gentz
1206 2604 1254 2641 de
1270 2604 1390 2641 seinte
1408 2604 1546 2654 Eglise,
1567 2604 1686 2642 seient
1698 2612 1810 2642 tenuz

283 2674 329 2698 en
350 2669 437 2698 touz
457 2662 612 2712 pointz3
636 2670 672 2700 et
694 2675 769 2713 qen
792 2662 846 2700 les
871 2663 1134 2700 commissions
1154 2676 1175 2700 a
1203 2662 1296 2700 faire
1325 2675 1390 2700 sur
1419 2662 1526 2701 tieux
1554 2676 1805 2714 purveanceS‚

282 2720 405 2757 soient
446 2721 604 2771 forspris
632 2721 686 2759 les
718 2722 794 2759 fees
827 2723 875 2759 de
906 2722 1003 2760 seint
1034 2722 1164 2772 eglise,
1201 2730 1237 2759 et
1273 2722 1383 2760 hiens
1410 2723 1479 2760 des
1510 2730 1621 2772 gentz
1644 2723 1693 2760 de
1713 2723 1811 2761 seint

282 2778 412 2828 eglise,
436 2792 482 2817 en
503 2793 715 2831 quecumqe
739 2780 814 2818 lieu
835 2780 909 2832 qils
928 2781 1049 2819 soient
1069 2789 1212 2819 trovez.

336 2839 375 2876 2.
407 2843 487 2877 Rot.
511 2843 635 2887 Part„
658 2848 686 2878 t.
712 2842 762 2887 ΙΙ,
787 2853 826 2891 p.
851 2842 942 2879 ⁶240.
962 2862 1009 2869 -
1027 2845 1126 2879 Stat.
1149 2844 1195 2888 V,
1220 2842 1270 2879 25
1290 2841 1398 2878 Edcv.
1422 2845 1492 2886 III,
1515 2853 1599 2892 cap.
1628 2843 1671 2878 1:
1696 2841 1736 2879 Si
1755 2848 1812 2879 est

283 2899 443 2935 accorde
461 2906 497 2935 et
513 2907 685 2936 assentuz
706 2912 751 2937 en
770 2899 862 2937 ledit
883 2899 1095 2937 Parlement
1115 2913 1162 2950 qe
1182 2900 1235 2937 les
1255 2912 1439 2951 preneurs
1456 2907 1492 2937 et
1512 2912 1724 2951 porveours
1743 2900 1811 2938 des

283 2956 366 2993 blez
389 2970 460 3007 por
480 2957 533 2995 les
552 2958 629 2995 ditz
647 2959 811 2996 hosteux
835 2959 887 2996 les
912 2959 1112 3009 preignent
1136 2973 1205 3010 par
1226 2972 1373 2997 mesure
1397 2972 1494 3003 rase,
1523 2959 1651 2996 selonc
1676 2971 1744 2996 ceo
1763 2972 1810 3010 qe

283 3014 434 3052 homme
453 3029 517 3053 use
534 3030 667 3067 parmy
688 3017 722 3054 le
744 3017 931 3055 Roialme.
960 3040 1008 3046 —
1030 3018 1087 3055 Cf.
1111 3018 1238 3064 etiam,
1264 3023 1363 3056 Stat.
1386 3020 1405 3055 4
1424 3019 1531 3054 Edw.
1557 3023 1626 3065 III,
1655 3030 1740 3069 cap.
1769 3020 1806 3057 3.

339 3076 375 3113 3.
408 3080 508 3113 Stat.
532 3080 563 3119 l,
590 3078 651 3121 36,
678 3077 784 3115 Edw.
810 3081 880 3122 ΙΙΙ,
900 3090 984 3128 cap.
1008 3079 1047 3122 2,
1073 3091 1111 3128 p.
1135 3079 1224 3115 2371.
1250 3079 1300 3115 Le
1321 3076 1511 3127 heignous
1529 3089 1632 3115 noun
1652 3077 1700 3115 de
1712 3090 1807 3128 pur-

284 3147 403 3172 veour
420 3134 492 3172 soit
511 3134 683 3186 chaunge
702 3143 739 3173 et
758 3148 869 3174 nome
886 3136 1091 3174 Achatour.
1109 3137 1164 3175 Cf.
1181 3136 1295 3174 etiam
1311 3142 1390 3176 Rot.
1414 3139 1522 3176 Parl.
1537 3144 1565 3175 t.
1585 3138 1635 3186 II,
1655 3149 1695 3189 p.
1711 3138 1803 3179 269.
