2314 3736
1105 351 1312 391 -90-

440 440 485 482 in
508 439 686 482 servicio
708 449 786 482 tuo
815 449 858 481 et
877 439 1000 497 quasi
1029 439 1161 482 nichil
1184 455 1262 499 pro
1282 440 1459 484 servicio
1477 453 1519 483 et
1537 441 1574 484 la
1584 441 1690 484 bore
1710 458 1789 485 suo
1805 442 1867 486 eis
1886 443 1972 487 sol-

441 521 551 554 vunt
575 526 674 553 cum
698 525 776 568 pro
795 520 958 552 carecta
984 509 1038 551 ad
1065 510 1175 553 duos
1201 527 1336 569 equos
1355 511 1564 554 deberent
1588 512 1691 555 dare
1717 529 1744 555 x
1764 513 1968 557 denarios

445 597 522 640 per
541 581 655 623 diem
675 592 717 623 et
738 596 814 639 pro
834 591 995 622 carecta
1017 580 1071 622 ad
1094 591 1179 623 tres
1200 598 1335 640 equos
1350 582 1442 640 xiiij
1462 582 1662 626 denarios
1682 599 1759 642 per
1771 583 1903 638 diem,
1920 595 1972 628 ut

446 663 562 711 patet
601 651 643 694 in
685 652 840 710 Magna
882 653 1025 704 Carta,
1062 662 1103 694 et
1139 652 1239 710 quia
1270 668 1355 695 non
1386 653 1561 696 solvunt
1599 664 1648 696 ut
1682 653 1893 697 statuitur
1926 653 1970 697 iu

447 724 602 781 Magna
631 723 757 765 Carta
795 733 898 765 sunt
933 722 1311 774 excommunicati,
1341 735 1383 766 et
1417 723 1577 766 dicitur
1596 725 1729 767 Jacob
1755 724 1968 768 ultimo‘:

446 795 556 836 Ecce
580 809 744 836 merces
759 797 1076 852 operariorum,
1117 810 1197 853 que
1226 793 1452 850 fraudata
1489 811 1515 836 a
1547 795 1679 848 vobis,
1713 796 1877 840 clamat
1914 797 1978 839 ad

448 866 586 908 Deum
615 875 656 908 et
684 865 852 906 clamor
877 880 1026 907 eorum
1046 868 1090 907 in
1115 880 1244 908 aures
1263 867 1440 908 Domini
1464 871 1656 909 introivit
1669 865 1697 909 ⁸.

507 995 553 1040 5.
591 995 716 1045 Eece,
739 993 916 1037 domine
944 1010 1034 1042 rex,
1064 1010 1149 1053 que
1171 994 1277 1037 mala
1307 1005 1517 1037 secuntur
1537 994 1590 1036 de
1611 994 1766 1053 hujus¹
1793 994 1971 1055 rapinis.

451 1066 646 1110 Primum
675 1065 836 1108 malum
866 1077 930 1108 est
951 1065 1207 1124 magnitudo
1236 1066 1366 1124 hujus
1396 1065 1575 1125 peccati,
1608 1082 1694 1125 que
1721 1065 1977 1124 magnitudo

450 1138 591 1197 primo
614 1148 731 1196 patet
763 1153 838 1195 per
862 1137 943 1179 hoc
971 1137 1088 1194 quod
1119 1148 1338 1195 peccatum
1361 1136 1471 1179 illud
1502 1136 1688 1179 destruit
1716 1136 1760 1178 in
1800 1136 1979 1180 homine

453 1208 787 1251 fundamentum
822 1207 997 1265 justicie
1025 1219 1067 1250 et
1094 1207 1301 1250 bonitatis
1341 1208 1394 1250 de
1425 1223 1513 1266 quo
1555 1207 1843 1250 fundamento
1872 1207 1980 1251 dicit

454 1279 679 1338 Sapiencia
706 1295 714 1321 :
747 1279 943 1322 Primum
972 1279 1503 1337 fundamentumjusticie
1532 1290 1596 1321 est
1627 1295 1679 1321 ne
1709 1278 1780 1321 cui
1808 1289 1975 1321 noceat.

454 1349 640 1402 Deinde,
671 1361 720 1392 ut
745 1350 966 1392 communi
991 1350 1167 1392 utilitati
1187 1350 1364 1401 serviat;
1389 1351 1430 1392 2⁰
1451 1366 1528 1409 per
1542 1349 1624 1391 hoc
1645 1349 1764 1408 quod
1785 1359 1980 1408 raptores

454 1432 557 1463 sunt
578 1423 747 1479 pejores
769 1421 957 1465 diabolo.
983 1420 1129 1464 Primo
1157 1421 1200 1463 in
1232 1421 1312 1463 hoc
1339 1421 1455 1479 quod
1483 1420 1683 1463 diabolus
1722 1436 1795 1463 eos
1830 1420 1982 1479 depre-

454 1492 584 1534 datur
597 1503 639 1534 et
666 1503 840 1550 torquet
862 1508 933 1534 cos
959 1492 1035 1550 qui
1056 1492 1164 1534 mala
1191 1503 1340 1549 agunt,
1371 1503 1435 1534 set
1461 1502 1656 1550 raptores
1683 1490 1981 1550 depredantur

455 1579 526 1605 eos
553 1562 628 1621 qui
655 1579 678 1604 a
707 1563 820 1604 malo
849 1563 1072 1615 recedunt,
1096 1564 1197 1606 Ysa.
1233 1562 1291 1604 lix
1316 1580 1323 1605 :
1353 1563 1440 1620 Qui
1463 1565 1638 1605 recessit
1657 1579 1686 1604 a
1713 1562 1830 1604 malo
1846 1562 1983 1620 prede

448 1637 596 1692 patuit
610 1639 643 1687 α,
674 1645 717 1675 et
752 1634 955 1675 Proverb.
993 1633 1093 1675 xxix
1125 1650 1134 1677 ι
1180 1635 1269 1676 Viri
1298 1636 1561 1691 sanguinum
1598 1634 1785 1675 oderunt
1815 1632 1982 1691 simpli-

455 1720 542 1746 cem
557 1703 586 1746 ὸ.
611 1704 738 1747 Unde
758 1704 957 1747 diabolus
987 1704 1147 1763 poterit
1179 1721 1222 1746 se
1245 1704 1484 1762 justificare
1506 1703 1548 1746 in
1571 1702 1899 1763 comparacione
1918 1718 1981 1746 ra·

458 1775 610 1834 ptoris‚
636 1775 795 1834 poterit
809 1775 926 1818 enim
950 1775 1090 1817 dicere
1111 1775 1207 1817 illos
1229 1775 1342 1817 solos
1361 1774 1493 1832 affligi
1515 1774 1591 1833 qui
1619 1785 1660 1816 te
1674 1773 1879 1826 oderunt,
1908 1773 1983 1816 sed

456 1857 650 1904 raptores
678 1845 806 1888 etiam
830 1862 902 1888 eos
929 1846 1006 1904 qui
1029 1857 1069 1888 te
1095 1846 1365 1899 dilexerunt;
1398 1848 1440 1887 3⁰
1461 1845 1505 1888 in
1535 1845 1618 1887 hoc
1637 1844 1756 1903 quod
1783 1843 2006 1897 diabolus

458 1917 599 1959 defert
635 1917 789 1974 angelo
825 1917 906 1959 Dei
941 1917 1151 1975 deputato
1182 1915 1352 1959 homini
1386 1916 1440 1958 ad
1474 1915 1717 1958 custodiam
1753 1926 1803 1958 ut
1829 1931 1986 1974 corpo-

459 1987 592 2030 ralem
612 1987 867 2029 violenciam
889 1987 926 2029 ei
956 2004 1041 2029 non
1066 1987 1237 2036 inserat,
1259 1987 1376 2045 quod
1396 1997 1591 2045 raptores
1614 2002 1700 2029 uon
1723 1985 1904 2039 faciunt,
1927 1985 1986 2028 si²

458 2069 606 2100 contra
646 2057 916 2100 voluntatem
950 2057 1131 2100 Domini
1172 2059 1283 2100 bona
1318 2059 1412 2115 ejus
1450 2056 1682 2110 auferunt3
1725 2057 1770 2098 4⁰
1803 2055 1848 2099 in
1885 2056 1982 2109 hoc,

459 2129 578 2188 quod
599 2128 799 2171 diabolus
821 2139 996 2186 torquet
1023 2128 1221 2171 homines
1248 2128 1293 2170 in
1322 2127 1493 2170 inferno
1527 2127 1603 2186 qui
1636 2138 1700 2170 est
1737 2128 1857 2170 locus
1900 2136 1984 2169 tor-

459 2210 697 2242 mentorum
712 2204 740 2251 ⁶,
774 2201 879 2242 Luc.
910 2201 997 2257 xvj.
1035 2199 1120 2241 Sed
1152 2210 1345 2257 raptores
1375 2209 1584 2256 torquent
1612 2197 1810 2240 homines
1839 2196 1883 2239 in
1902 2197 1986 2240 hoc

462 2270 627 2313 mundo
657 2270 730 2312 ubi
757 2270 920 2312 debent
949 2286 1041 2312 esse
1072 2269 1271 2311 homines
1299 2268 1424 2311 liberi
1451 2268 1504 2311 ad
1534 2268 1699 2310 faciend
1738 2284 1778 2309 m
1800 2267 1855 2310 de
1874 2283 1920 2310 se
1941 2278 1986 2310 et

461 2341 567 2392 suis,
591 2341 829 2383 secundum
850 2356 972 2384 suam
995 2340 1278 2394 voluntatem.
1308 2339 1447 2391 Unde,
1471 2350 1585 2381 recte
1615 2338 1857 2397 intelligere
1887 2353 1988 2397 pos-

463 2427 614 2454 sumus
641 2422 835 2470 raptores
856 2422 1026 2453 vocatos
1046 2426 1137 2453 esse
1157 2410 1332 2469 angelos
1353 2409 1533 2461 diaboli,
1557 2410 1682 2452 Matt.
1707 2410 1804 2467 xxj:
1838 2409 1988 2451 Disce-

464 2483 553 2525 dite
578 2498 607 2523 a
627 2497 694 2524 me
719 2483 941 2524 maledicti
965 2485 1007 2524 in
1029 2484 1170 2540 ignem
1201 2491 1396 2523 eternum
1415 2483 1493 2539 qui
1506 2489 1775 2538 preparatus
1799 2488 1865 2522 est
1889 2479 1988 2522 dia-

467 2553 562 2595 bolo
586 2562 630 2595 et
650 2554 820 2610 angelis
847 2550 985 2611 ejusd.

467 2695 526 2786 g,
552 2694 591 2729 F.
613 2692 688 2775 —F0
701 2692 878 2733 intonuit,
900 2693 973 2734 Cl.,
996 2693 1041 2727 V.
1067 2693 1109 2727 R.
1132 2693 1189 2739 (in
1210 2704 1322 2727 aures
1340 2692 1493 2727 Domini
1515 2691 1699 2727 introivit.
1719 2711 1763 2718 —
1783 2693 1826 2737 ἓξ
1841 2692 1876 2732 5,
1895 2693 1931 2732 6,
1951 2693 1985 2732 7,

510 2769 517 2782 ,
541 2753 627 2782 om„
685 2767 692 2775 .

510 2835 551 2872 5.
582 2834 840 2881 ¹hujusmodi,
864 2834 938 2875 Cl.,
963 2834 1008 2868 V.
1032 2834 1075 2868 R.

465 2953 643 2998 Archiep.
667 2952 846 2986 Cantuar.
880 2951 996 2985 factae
1021 2950 1058 2984 in
1088 2950 1260 2984 Concilio
1283 2950 1382 2996 apud
1414 2948 1610 2990 Lambeth,
1645 2951 1750 2985 1281.
1779 2949 1990 2984 Rawliuso-

465 2999 672 3034 niauus.C.
691 3001 770 3039 100,
792 2998 816 3032 f.
835 3000 921 3038 1183
945 2997 1127 3038 Wilkins,
1151 3003 1176 3031 t.
1201 2998 1250 3036 ΙΙ,
1272 3010 1307 3043 p.
1331 2999 1389 3033 51.
1413 3017 1454 3023 -
1478 2997 1502 3031 i.
1525 2997 1604 3031 Jac.
1628 2997 1673 3038 V,
1697 2998 1730 3031 4.

517 3106 554 3129 a.
584 3094 672 3127 lsai.
706 3093 801 3132 LlX,
836 3094 892 3128 15.
924 3112 967 3119 —
999 3091 1033 3126 b.
1068 3092 1178 3126 Prov.
1213 3091 1345 3131 XXIX,
1379 3093 1434 3127 10.
1471 3111 1512 3118 -
1546 3103 1577 3127 c.
1613 3091 1704 3127 Luc.
1736 3090 1835 3135 XVI,
1863 3091 1921 3128 28.
1949 3109 1994 3118 -

475 3141 513 3177 d.
539 3141 645 3176 Mati.
670 3139 782 3179 XXV.
808 3141 863 3175 41.
