2314 3736
1015 369 1218 410 -91-

407 462 454 507 6.
493 461 608 502 Sunt
628 459 744 502 enim
773 458 892 501 missi
913 458 966 500 ad
997 457 1242 500 faciendum
1266 456 1307 499 in
1338 457 1419 499 hoc
1441 455 1606 498 mundo
1637 454 1754 514 quod
1783 455 1876 497 dia-

311 490 476 575 NKbolus
503 531 604 573 facit
625 530 668 572 in
691 530 887 582 infern03
922 531 965 571 5⁰
987 545 1063 588 per
1082 529 1162 570 hoc
1183 528 1300 587 quod
1324 527 1406 586 ipsi
1435 537 1538 569 sunt
1566 528 1736 585 pejores
1767 542 1876 585 qua-

346 619 520 661 cunque
548 601 700 653 bestia,
731 617 845 643 unus
873 600 990 642 enim
1018 611 1168 658 raptor
1197 609 1331 641 totam
1363 614 1494 641 unam
1533 597 1716 655 patriam
1745 597 1877 639 devo-

347 685 428 725 rat,
454 672 566 716 sieut
587 672 726 715 malus
754 672 978 730 princeps;
1009 682 1051 713 et
1079 671 1224 728 lupus,
1251 669 1490 719 interdum,
1515 685 1590 726 per
1608 684 1877 711 annumnon

347 745 525 788 devorat
543 760 682 786 unum
706 743 945 785 hominem.
978 742 1105 784 Unde
1140 741 1341 800 princeps
1374 751 1651 799 comparatur
1684 739 1798 781 leoni
1836 750 1878 781 et

350 832 466 867 urso,
490 815 697 860 Proverb.
722 814 853 871 xxviij
877 831 885 856 2
917 814 1002 855 Leo
1025 816 1200 872 rugiens
1228 822 1268 855 et
1299 828 1428 854 ursas
1455 818 1653 853 esuriens
1670 817 1879 870 princeps

347 891 484 946 ipsius
508 902 642 945 super
671 886 887 944 populum
912 889 1199 943 pauper-ema.
1239 885 1346 926 Item
1370 893 1518 942 raptor
1546 882 1707 925 dicitur
1734 881 1880 923 homi-

345 958 457 1009 cida,
482 957 583 1016 quia
617 956 777 999 dicitur
814 955 1100 998 Ecclesiastic.
1132 954 1282 1012 xxxiiij
1314 971 1321 996 :
1356 955 1444 1013 Qui
1469 955 1617 1013 aufert
1655 954 1827 1012 aliquid
1852 969 1880 994 a

346 1038 551 1089 querente
568 1035 733 1087 panem
746 1043 833 1086 per
858 1028 1057 1069 sudorem
1085 1036 1148 1068 est
1178 1029 1309 1086 quasi
1336 1029 1412 1085 qni
1447 1026 1602 1068 oceidit
1625 1027 1878 1083 proximum

343 1098 510 1142 suum⁶.
543 1099 795 1142 Secundum
823 1098 987 1140 malum
1016 1109 1079 1140 cst
1113 1114 1264 1156 magna
1294 1096 1512 1139 rusticitas
1534 1113 1619 1155 que
1646 1106 1711 1137 est
1746 1095 1789 1137 in
1818 1111 1882 1137 ra-

346 1171 523 1230 piendo,
554 1170 655 1212 dare
684 1170 800 1212 enim
830 1169 976 1212 nobile
1004 1180 1067 1211 est
1094 1169 1232 1221 valde,
1264 1168 1297 1210 si
1334 1168 1466 1226 igitur
1495 1167 1597 1209 dare
1626 1165 1771 1209 reddit
1805 1166 1879 1208 ho·

347 1242 509 1284 minem
538 1241 747 1291 nobilem,
773 1242 944 1283 auferre
973 1240 1117 1282 reddit
1143 1256 1243 1282 eum
1266 1239 1520 1297 ignobilem.
1548 1241 1601 1280 3ηι
1624 1238 1786 1280 malum
1815 1248 1880 1279 est

346 1313 486 1373 gravis
508 1313 673 1355 macula
692 1312 944 1370 hujusmodi
968 1311 1129 1370 peccati
1151 1327 1237 1370 que
1260 1311 1314 1353 ita
1329 1327 1372 1352 se
1395 1309 1555 1361 habet¹,
1573 1309 1693 1368 quod
1710 1308 1779 1351 vix
1795 1324 1877 1350 res-

347 1385 470 1427 tituit
488 1383 674 1443 aliquis²
700 1401 746 1426 ea
768 1400 853 1442 que
888 1383 1047 1442 rapuit,
1073 1394 1115 1425 et
1144 1399 1232 1425 non
1263 1381 1502 1424 dimittitur
1530 1392 1754 1440 peceatum
1795 1379 1880 1422 nisi

347 1456 602 1498 restituatur
636 1455 847 1505 ablatum,
893 1466 939 1497 ut
977 1453 1138 1496 dieitur
1175 1453 1264 1511 xiiij
1310 1454 1365 1507 Q.
1423 1455 1460 1511 vj
1515 1455 1555 1494 si
1585 1469 1654 1494 res
1687 1453 1875 1494 altena&

351 1528 403 1570 4¹¹¹
436 1527 597 1569 malum
627 1537 691 1568 est
723 1542 929 1584 magnum
963 1525 1204 1583 dampnum
1235 1524 1461 1583 spirituale
1490 1524 1607 1582 quod
1647 1523 1880 1565 incurrunt

347 1609 545 1657 raptores
577 1597 682 1640 dum
711 1596 877 1654 aliquid
908 1607 1131 1638 terrenum
1160 1595 1356 1654 rapiunt,
1388 1594 1508 1637 unde
1535 1594 1642 1636 dicit
1669 1593 1883 1653 Augusti-

347 1685 455 1712 nus:
486 1671 676 1711 Luerum
698 1668 742 1710 in
777 1668 903 1710 archa
938 1667 1197 1726 dampnum,
1326 1666 1443 1708 tollit
1472 1677 1634 1707 vestem
1667 1676 1709 1707 et
1737 1665 1882 1724 perdit

348 1741 495 1793 fidem,
526 1739 714 1798 acquirit
738 1739 967 1797 pecuniam
995 1749 1037 1780 et
1063 1737 1226 1780 amittit
1253 1737 1491 1795 justiciam.
1531 1739 1587 1779 5¹¹²
1619 1736 1783 1779 malum
1820 1746 1885 1778 est

349 1827 479 1870 parva
522 1811 702 1864 utilitas,
745 1826 875 1868 quam
917 1810 1080 1852 hahent
1119 1820 1313 1868 raptores
1353 1809 1407 1851 de
1447 1807 1598 1867 rapina
1639 1823 1731 1850 sua.
1773 1809 1883 1849 Nam

347 1881 493 1940 quoad
529 1897 688 1939 corpus
710 1896 863 1940 parum
893 1880 1003 1923 valet
1031 1895 1131 1921 cum
1165 1879 1252 1921 cito
1282 1878 1452 1930 transit,
1492 1877 1780 1922 Ecclesiastic.
1805 1877 1879 1919 xl:

350 1954 616 1996 Substaneia
662 1956 892 2011 impiorum
931 1955 1064 2012 quasi
1100 1951 1258 2011 flavias
1289 1949 1570 1993 siceabitur&
1618 1949 1703 1991 Sed
1738 1949 1884 2007 quoad

347 2023 538 2066 animam
581 2023 716 2065 nichil
743 2023 870 2072 valet,
914 2023 1017 2081 quia
1052 2022 1154 2064 inde
1187 2038 1276 2064 non
1306 2022 1354 2075 [f.
1399 2023 1498 2075 136]
1527 2031 1714 2079 possunt
1742 2021 1882 2062 faeere

351 2094 631 2137 elemosinam
656 2110 796 2152 neque
817 2093 1106 2143 oblacionem,
1139 2103 1186 2135 ut
1205 2092 1364 2134 dicitur
1385 2091 1671 2134 Ecclesiastic.
1690 2091 1844 2148 xxxiiij
1867 2107 1875 2132 ;

350 2166 467 2210 Nam
496 2169 573 2224 qai
596 2165 724 2223 offert
751 2165 1020 2221 sacrificium
1053 2165 1106 2206 de
1127 2164 1379 2206 substancia
1399 2166 1631 2221 pauperia,
1659 2172 1723 2204 est
1758 2165 1889 2221 quasi

351 2239 429 2295 qui
446 2239 638 2278 victimat
654 2236 794 2292 filium
823 2242 867 2277 in
887 2245 1113 2292 conspectu
1130 2237 1319 2292 patris-⁶.
1357 2233 1449 2291 xiiij
1481 2249 1522 2291 q.
1556 2250 1594 2275 v.
1620 2232 1829 2291 capitulis
1852 2231 1882 2284 i,

349 2306 378 2364 ij
403 2317 446 2348 et
474 2306 519 2364 iij
549 2317 591 2348 et
618 2306 741 2365 quasi
770 2322 846 2364 per
872 2305 1052 2348 totums.
1086 2307 1140 2347 6¹¹¹
1163 2304 1326 2347 malum
1349 2315 1413 2346 est
1442 2320 1552 2362 pena
1579 2319 1710 2362 quam
1739 2319 1889 2361 sump-

349 2387 475 2420 turus
502 2388 566 2419 est
591 2376 812 2419 Dominus
835 2377 889 2419 de
910 2376 1176 2435 raptoribus.
1209 2376 1264 2418 Et
1284 2386 1388 2418 sunt
1409 2375 1509 2432 iiij0‘
1531 2391 1606 2433 per
1634 2391 1720 2432 que
1739 2384 1881 2432 potest

347 2447 519 2490 ostendi
540 2448 658 2507 quod
679 2449 799 2491 Deus
827 2447 1018 2490 multum
1042 2446 1196 2505 puniet
1222 2457 1433 2504 raptores.

409 2637 457 2682 7.
494 2636 715 2680 Primum¹
736 2648 799 2679 est
827 2637 944 2695 quod
973 2636 1064 2695 ipse
1090 2635 1285 2678 districte
1308 2635 1477 2694 judicat
1497 2651 1569 2678 eos
1596 2634 1672 2693 qui
1700 2633 1878 2694 propria

350 2724 437 2751 nou
465 2707 712 2766 largiuntur
737 2707 1021 2766 pauperibus.
1053 2707 1098 2749 Si
1125 2707 1241 2749 enim
1268 2706 1479 2765 dampnat
1506 2722 1578 2749 eos
1616 2705 1694 2765 qui
1727 2721 1889 2764 paupe-

396 2849 438 2886 6.
468 2850 480 2872 ¹
499 2849 559 2895 (se
579 2849 712 2896 habet)
732 2850 900 2891 adheret,
923 2849 997 2891 CL,
1020 2849 1066 2884 V.
1091 2850 1134 2883 R.
1157 2869 1202 2875 —
1222 2850 1236 2872 2
1251 2848 1426 2895 (aliquis)
1448 2860 1518 2883 om.
1540 2848 1615 2890 Cl.,
1638 2848 1683 2882 V.
1705 2848 1749 2882 R.

413 2944 457 2981 7.
487 2965 532 2971 -
554 2945 747 2979 ¹Primum
770 2949 841 2986 est,
877 2945 909 2979 si
937 2946 1088 2979 damnat
1121 2957 1187 2979 eos
1217 2944 1281 2991 qui
1312 2943 1559 2990 pauperibuS,
1591 2943 1664 2984 Cl.,
1697 2943 1743 2978 V.
1772 2943 1817 2978 R.
1847 2963 1892 2970 —

408 3074 445 3096 a.
469 3063 518 3096 Pr
500 3074 582 3096 r.ov
603 3063 775 3103 XXVIII,
800 3065 857 3098 15.
881 3062 982 3096 -b.
1012 3063 1128 3096 Eccli.
1151 3062 1319 3102 XXXIV,
1345 3064 1402 3102 26,
1426 3064 1484 3097 27.
1504 3074 1603 3096 —c.
1628 3063 1665 3095 C.
1689 3062 1718 3102 I,
1743 3061 1784 3097 C.
1807 3062 1888 3102 XV,

356 3109 579 3198 ξωῇξῖζά.
605 3110 721 3144 Eccli
748 3110 826 3151 XL,
852 3112 910 3145 13
932 3122 1044 3146 —e.
1069 3109 1184 3144 Eccli.
1209 3109 1377 3149 XXXIV,
1401 3111 1459 3144 24.
1482 3109 1650 3155 -fiG
1675 3111 1708 3150 1,
1732 3111 1765 3149 2,
1789 3111 1821 3150 3,
1848 3108 1888 3145 C
