2314 3736
975 327 1214 368 —115-

324 423 593 471 observatur,
641 430 690 462 ut
730 418 892 460 dicitur
929 418 1002 475 viij
1031 418 1081 460 Si
1103 419 1226 460 mala
1246 421 1542 462 consuetudoa
1585 431 1730 464 tamen
1763 431 1851 466 non

321 493 484 552 poteris
510 502 552 534 te
585 490 698 533 tueri
725 490 806 532 sub
839 499 1022 547 optentu
1058 489 1153 531 talis
1180 491 1512 533 consuetudinis
1547 492 1648 550 quia
1682 493 1853 537 diutur-

322 564 436 606 nitas
459 561 666 621 temporis
698 577 784 602 non
816 560 975 602 minuit
1011 571 1234 618 peccatum
1273 572 1336 603 set
1362 574 1505 621 auget,
1536 575 1578 606 et
1604 575 1726 607 tanto
1753 582 1849 624 gra-

320 635 439 677 viora
467 644 570 676 sunt
595 633 776 675 crimina
804 641 968 689 quanto
989 630 1161 674 diucius
1182 632 1400 675 infelicem
1429 635 1619 677 animam
1651 636 1851 679 detinent

321 705 556 764 alligatam.
582 705 713 746 Extra
740 704 793 745 de
818 719 990 747 consae.
1020 718 1057 744 e.
1088 720 1185 745 cum
1214 701 1364 746 tanto⁶
1393 716 1436 746 et
1463 706 1595 748 Extra
1625 708 1677 749 de
1704 724 1851 764 symo-

319 782 395 819 nia
423 791 459 818 c.
495 776 594 820 Non
619 778 765 817 satis-⁶.
805 774 860 816 Et
894 773 1001 816 dicit
1034 774 1287 833 Gregorius,
1318 775 1362 817 in
1395 776 1583 834 quadam
1620 777 1800 820 homilia
1815 778 1848 832 d,

320 846 440 906 quod
472 846 630 889 usitata
667 845 794 904 culpa
833 845 997 903 obligat
1030 856 1237 898 mentem,
1275 857 1323 888 ut
1355 863 1633 905 nequaquam
1676 865 1852 908 surgere

320 918 458 977 possit
485 917 539 959 ad
569 916 875 959 rectitudinem
903 916 1005 974 quia
1039 917 1115 958 ubi
1141 917 1214 959 diu
1249 928 1405 976 sponte
1443 919 1651 976 persistit,
1675 919 1852 963 difficile

320 999 384 1032 est
409 1004 585 1047 surgere
604 1003 627 1030 a
648 998 837 1047 peccato,
867 998 910 1029 et
935 1003 1033 1030 cum
1056 987 1183 1046 culpa
1206 988 1250 1030 in
1271 1005 1397 1030 usum
1417 990 1506 1046 jam
1532 991 1651 1033 venit
1677 992 1851 1034 animus

320 1059 509 1102 debilius
542 1070 715 1118 peccato
750 1059 928 1110 resistit,
961 1059 1063 1118 quia
1099 1070 1209 1117 quot
1239 1060 1407 1102 vicibus
1441 1077 1570 1118 prave
1604 1061 1850 1120 frequenta-

320 1130 457 1172 cionis
493 1131 749 1189 astringitur
784 1141 848 1172 tot
879 1130 1046 1173 vicibus
1073 1130 1124 1172 ad
1163 1141 1351 1172 mentem
1391 1131 1575 1189 legatur.
1616 1132 1700 1175 Vix
1732 1134 1859 1176 eniin'

318 1200 558 1244 remittitur
595 1201 739 1260 aliqua
766 1217 895 1260 prava
928 1201 1219 1253 consuetudo,
1261 1212 1302 1243 et
1340 1201 1394 1244 de
1434 1202 1762 1247 introeuntibus
1803 1204 1848 1247 in

319 1284 493 1330 pravam
520 1272 881 1315 consuetudinem
903 1271 1165 1331 intelligitur
1185 1272 1301 1330 quod
1325 1273 1378 1314 de
1402 1274 1529 1315 Arrio
1546 1274 1719 1333 legitur.
1745 1276 1847 1318 Nos·

318 1343 433 1385 citur
464 1343 580 1387 enim
610 1354 772 1402 quanta
800 1359 909 1402 pena
931 1343 987 1385 sit
1015 1343 1145 1394 Arrii,
1177 1344 1253 1402 qui
1280 1344 1526 1387 introduxit
1554 1361 1726 1403 pravam
1749 1362 1848 1389 con·

319 1413 612 1457 suetudinem.
643 1414 771 1456 Unde
799 1413 997 1472 Sapienc.
1029 1413 1090 1471 iiij
1117 1431 1124 1456 :
1154 1413 1313 1456 Omnes
1332 1414 1418 1471 filii
1437 1418 1516 1474 qui
1533 1426 1776 1458 nascuntur
1795 1432 1850 1459 ex

319 1486 492 1543 iniquis,
539 1494 663 1527 testes
694 1494 796 1528 sunt
827 1488 1032 1544 nequicie,
1069 1486 1278 1528 adversus
1299 1496 1507 1543 parentes
1534 1489 1578 1528 in
1604 1492 1848 1545 interroga-

317 1558 439 1597 cione
468 1572 547 1598 sua
563 1554 595 1599 d.
632 1558 724 1598 Hoc
759 1567 837 1606 est,
880 1555 956 1614 qui
988 1556 1278 1598 introducunt
1313 1573 1467 1615 pravas
1508 1558 1848 1601 consuetudines

317 1636 439 1669 tanto
478 1626 649 1685 gravius
689 1627 929 1685 punientur
963 1638 1129 1685 quanto
1162 1627 1309 1685 plures
1343 1627 1507 1670 habent
1547 1639 1777 1671 sectatores
1807 1639 1849 1671 et

317 1697 540 1757 pravitatis
566 1714 643 1740 sue
669 1697 932 1741 defensores
964 1698 1093 1744 Unde
1120 1699 1319 1757 Sapiene.
1352 1699 1444 1756 xiiij
1472 1715 1479 1741 :
1514 1700 1850 1744 Convalescente

316 1772 464 1828 iniqua
484 1770 792 1812 consuetudine
811 1770 879 1812 hic
898 1785 1025 1812 error
1047 1779 1254 1829 tanquam
1276 1771 1347 1812 lex
1368 1771 1614 1814 custoditur
1628 1775 1657 1815 ⁶.

378 1899 461 1945 39.
497 1900 536 1942 Ο
560 1899 738 1942 domine
760 1899 819 1941 mi
851 1916 941 1952 rex,
967 1900 1002 1942 si
1030 1900 1220 1958 predicta
1245 1916 1333 1942 non
1360 1901 1552 1959 poterint
1579 1911 1620 1943 te
1655 1917 1842 1953 movere,

317 1970 420 2013 audi
446 1986 578 2022 nunc,
610 1970 716 2029 quid
743 1981 886 2013 actum
916 1971 1047 2013 fuerit
1070 1971 1123 2013 de
1150 1972 1275 2014 bonis
1306 1971 1482 2014 illorum
1506 1972 1582 2030 qui
1609 1973 1846 2015 utebantur

316 2040 392 2083 illo
419 2041 660 2100 privilegio.
692 2043 799 2084 Nam
831 2053 1027 2100 tempore
1052 2042 1163 2100 regis
1195 2043 1370 2084 Henrici
1398 2042 1558 2094 ultimi,
1590 2043 1845 2085 omnimoda

316 2112 533 2165 victualia,
571 2112 736 2165 fenum,
773 2128 904 2155 avena
939 2124 981 2155 et
1012 2114 1159 2155 omnia
1199 2114 1435 2156 necessaria
1473 2115 1762 2172 portabantur
1790 2113 1844 2156 ad

315 2194 485 2242 portam
527 2200 664 2236 suam,
717 2184 820 2242 quia
865 2185 956 2243 ipse
987 2184 1120 2227 nichil
1154 2185 1351 2243 capiebat
1386 2189 1535 2228 contra
1571 2185 1842 2227 voluntatem

315 2254 592 2299 venditorum
620 2255 721 2313 quia
755 2255 861 2297 emit
896 2266 938 2297 et
975 2255 1102 2298 solvit
1128 2256 1241 2298 sicut
1272 2272 1385 2298 unus
1415 2256 1469 2298 de
1502 2256 1682 2314 populo.
1723 2256 1845 2298 Post-

316 2325 512 2379 modum,
543 2337 738 2384 tempore
759 2326 876 2369 illius
903 2325 1063 2368 nobilis
1083 2326 1195 2385 regis
1224 2327 1428 2370 Edwardi
1454 2328 1521 2369 avi
1543 2327 1623 2378 tui,
1651 2327 1695 2369 in
1724 2327 1842 2385 prin-

314 2396 428 2455 cipio
447 2397 670 2455 regiminis
689 2397 772 2450 sui,
802 2408 851 2439 ut
871 2397 1047 2450 dicitur,
1079 2397 1211 2440 nichil
1233 2398 1430 2456 capiebat
1457 2409 1608 2440 contra
1635 2397 1842 2440 volunta-

315 2477 401 2509 tem
434 2467 714 2510 dominorum
742 2484 903 2521 rerum,
936 2484 1073 2527 usque
1105 2469 1159 2510 ad
1196 2469 1296 2526 xviij
1333 2485 1498 2511 annum
1535 2469 1658 2527 regni
1685 2468 1769 2519 sui,
1799 2478 1843 2510 et

315 2548 406 2580 toto
436 2538 511 2580 illo
539 2550 747 2597 tempore,
782 2539 864 2582 fuit
894 2555 977 2598 pax
1009 2551 1051 2581 et
1077 2539 1286 2598 gaudium
1308 2541 1353 2582 in
1387 2555 1520 2598 regno
1553 2540 1653 2592 isto,
1695 2538 1767 2580 sed
1796 2538 1842 2580 in

313 2609 416 2667 xviij
437 2625 552 2651 anno
573 2610 694 2668 regni
716 2611 798 2661 sui,
830 2611 993 2668 incepit
1013 2610 1078 2653 uti
1098 2610 1174 2653 illo
1196 2611 1467 2670 prerogativo
1494 2610 1728 2666 diabolico,
1758 2609 1841 2651 sci-

314 2678 429 2730 licet,
453 2695 604 2739 capere
633 2696 747 2733 oves,
773 2682 918 2734 boves,
944 2681 1093 2723 fenum
1126 2692 1169 2723 et
1199 2697 1376 2723 avenam
1406 2691 1449 2731 et
1475 2681 1557 2723 alia
1596 2680 1732 2722 multa
1762 2694 1842 2737 pro

315 2750 475 2793 minori
516 2752 659 2810 precio
695 2768 826 2810 quam
861 2752 1062 2795 venditor
1090 2752 1192 2795 dare
1235 2751 1423 2794 voluerit
1458 2762 1500 2793 et
1544 2762 1650 2793 tunc
1690 2760 1841 2792 contra

314 2821 459 2880 ipsum
483 2823 628 2864 statim
655 2834 747 2865 orta
780 2822 863 2865 fuit
894 2838 1048 2881 guerra
1074 2823 1119 2865 in
1153 2823 1380 2874 vasconia,
1420 2821 1558 2865 Vallia
1601 2832 1643 2863 et
1673 2820 1839 2873 Scocia,

364 2992 402 3016 a.
430 2981 474 3016 C.
497 2983 530 3023 3,
557 2981 715 3022 D,⁴V11.
738 3003 782 3008 —
811 2982 845 3017 b.
876 2981 917 3018 C.
949 2982 1043 3017 Cum
1072 2987 1191 3022 tanto,
1225 2980 1279 3022 X,
1313 2981 1369 3015 De
1397 2979 1683 3015 Consuetudine
1709 2979 1757 3024 (1,
1788 2978 1840 3024 4).

318 3048 361 3055 —
392 3042 423 3063 c.
459 3028 500 3065 C.
531 3029 615 3063 Non
648 3030 740 3064 satis
772 3030 824 3071 X,
857 3030 912 3064 De
949 3030 1115 3064 Simonia
1150 3029 1214 3075 (V,
1249 3029 1299 3074 3).
1334 3049 1378 3054 -
1418 3027 1455 3062 d.
1493 3028 1529 3062 S.
1566 3027 1745 3073 Gregorii
1779 3026 1844 3059 XL

317 3075 568 3111 Humiliarum
600 3077 637 3110 in
667 3077 882 3123 Evangelia,
919 3077 1003 3111 Lib.
1032 3077 1080 3116 II,
1108 3076 1272 3110 Homilia
1299 3076 1432 3117 XXXI,
1466 3076 1509 3109 P.
1533 3077 1588 3115 L„
1619 3080 1646 3108 t.
1671 3073 1839 3115 LXXVI,

318 3135 356 3172 p.
379 3125 483 3158 1231.
506 3143 550 3150 —
568 3122 606 3157 d.
636 3124 723 3170 Sap.
746 3125 809 3165 lv,
834 3127 867 3160 6.
889 3144 936 3150 —
956 3136 988 3158 e.
1013 3124 1099 3170 Sap.
1122 3123 1222 3164 XIV,
1243 3125 1300 3159 16.
