2314 3736
986 347 1226 392 —131—

342 440 488 500 sepius
522 439 568 482 in
602 439 872 491 memoriam,
905 438 1030 482 illum
1065 439 1341 482 tremendum
1379 441 1520 484 exitus
1556 442 1621 485 tui
1654 427 1806 499 diem,
1828 456 1871 488 et

341 510 588 571 quomodo²
617 510 770 553 misera
798 510 941 552 anima
975 521 1047 553 tua
1087 527 1139 552 ex
1174 526 1340 553 carcere
1372 512 1512 554 carnis
1545 525 1696 568 exeat;
1728 515 1869 574 provi-

342 583 443 626 deas
463 582 559 634 tibi,
585 599 662 641 per
681 583 794 624 bona
820 598 949 640 opera
977 593 1048 624 tua
1075 598 1162 640 quo
1183 581 1347 632 vadas³‚
1379 594 1421 625 et
1449 599 1548 641 agas
1569 585 1685 643 quod
1722 586 1767 629 in
1795 587 1871 629 illo

343 654 569 698 tremendo
584 653 738 696 itinere
756 652 970 712 expediat,
990 664 1032 695 et
1051 668 1196 695 caveas
1217 653 1335 712 quod
1350 653 1574 713 impediat.
1604 658 1871 715 Hujusmodi

342 725 588 768 recordacio
609 724 799 783 concipit
829 723 1159 775 contricionem,
1184 724 1393 767 contricio
1430 726 1542 784 parit
1566 728 1872 786 compunctio-

343 813 461 848 nem,
490 795 768 855 compunctio
788 795 1085 848 devocionem,
1114 795 1291 838 devocio
1317 807 1495 854 generat
1521 796 1563 839 in
1590 799 1733 841 Deum
1756 799 1873 857 piam

345 879 387 911 et
407 867 617 910 humilem
641 866 930 919 affectionem,
962 865 1077 924 piam
1111 882 1162 908 ex
1197 865 1356 908 fiducia
1383 867 1591 925 adjutorii
1620 869 1766 912 divine
1793 871 1873 912 bo-

346 938 495 982 nitatis
516 949 558 980 et
583 937 817 980 clemencie
841 954 850 991 ;
880 937 1093 980 humilem
1115 954 1166 979 ex
1196 937 1547 981 consideracione
1577 940 1754 999 proprie
1787 941 1872 983 fra-

345 1008 523 1069 gilitatis
544 1020 587 1051 et
604 1007 790 1051 miserie.
814 1008 935 1050 Nihil
962 1008 1079 1050 enim
1107 1008 1151 1050 in
1175 1008 1342 1051 mundo
1362 1009 1530 1052 facilius
1550 1021 1591 1053 te
1618 1011 1801 1054 inclinat
1820 1012 1874 1054 ad

346 1079 638 1123 humilitatem
667 1090 709 1122 et
729 1079 793 1122 tui
814 1079 1072 1133 custodiam,
1090 1079 1145 1121 ad
1166 1095 1342 1122 omnem
1365 1080 1629 1138 injusticiam
1659 1082 1873 1141 expellen-

346 1151 463 1203 dam,
493 1162 535 1193 et
561 1151 614 1192 ad
648 1150 918 1192 sanctitatem
953 1161 996 1192 et
1027 1150 1228 1192 timorem
1259 1150 1339 1192 Dei
1367 1151 1719 1210 perficiendum‘,
1744 1170 1874 1212 quam

347 1233 422 1266 tue
448 1221 745 1280 corrupcionis
766 1221 1074 1273 consideracio,
1095 1233 1168 1264 tue
1191 1222 1465 1264 mortalitatis
1492 1234 1606 1266 certa
1634 1224 1843 1283 cogitacio
1863 1241 1872 1278 ;

348 1303 570 1351 postremo
592 1292 815 1334 tremende
841 1291 926 1333 diei
951 1291 1102 1334 mortis
1126 1302 1199 1334 tue
1219 1291 1463 1334 recordacio
1484 1308 1492 1334 :
1512 1294 1636 1350 juxta
1660 1293 1769 1335 illud
1792 1294 1875 1335 Ec-

348 1362 572 1405 clesiastici
611 1368 712 1405 v11⁰z
752 1363 1003 1405 Memorare
1035 1366 1269 1407 novissima
1306 1373 1379 1405 tua
1409 1373 1450 1406 et
1486 1367 1530 1406 in
1559 1373 1754 1406 eternum
1791 1380 1878 1408 non

345 1434 548 1493 peccabis
562 1432 590 1475 ⁶.

782 1789 1127 1832 CAPITULUM
1162 1789 1448 1833 TERCIUM.

412 2000 499 2047 IV.
530 2002 568 2043 O
597 1999 786 2042 Domine
808 2000 866 2042 mi
895 2016 986 2053 rex,
1011 2000 1179 2042 utinam
1202 2016 1371 2059 saperes
1393 2011 1436 2042 et
1456 1999 1718 2059 intelligeres
1740 2015 1787 2043 ac
1807 2015 1880 2043 no-

354 2073 524 2115 vissima
549 2071 812 2130 provideres.
844 2071 1041 2129 Saperes,
1068 2070 1109 2112 id
1131 2083 1195 2113 est
1220 2070 1394 2113 audires
1416 2082 1457 2113 et
1474 2082 1618 2113 mente
1632 2070 1882 2129 conciperes

355 2142 691 2185 lamentaciones
719 2153 760 2184 et
781 2141 965 2200 suspiria
987 2141 1180 2184 virorum
1207 2153 1249 2184 et
1270 2141 1504 2184 mulierum
1527 2141 1704 2200 quando
1730 2157 1881 2183 rumo-

355 2230 422 2256 res
440 2212 695 2256 audiuntur¹
717 2213 769 2254 de
785 2224 860 2255 tuo
875 2213 1062 2255 adventu
1080 2229 1089 2266 ;
1111 2224 1154 2254 et
1180 2212 1459 2270 intelligeres,
1479 2212 1639 2254 scilicet
1653 2211 1879 2270 gaudium,

355 2284 479 2343 quod
502 2284 664 2326 habent
687 2283 741 2325 de
768 2295 843 2325 tuo
870 2299 1054 2334 recessu,
1085 2299 1132 2326 ac
1153 2282 1384 2325 novissima
1420 2282 1684 2341 provideres,
1721 2281 1884 2324 scilicet

358 2366 543 2411 mortem
578 2365 695 2396 tuam
731 2354 1054 2396 lamentabilem
1078 2371 1087 2406 3
1129 2364 1245 2396 certe
1284 2353 1403 2395 omni
1439 2353 1598 2395 mentis
1638 2352 1885 2395 attencione

357 2425 579 2468 ordinares
600 2425 790 2484 aliquam
819 2426 976 2467 bonam
998 2425 1127 2477 viam,
1153 2441 1229 2483 per
1256 2441 1387 2483 quam
1416 2435 1534 2467 totus
1565 2423 1756 2483 populus
1783 2439 1884 2482 gau-

358 2497 479 2539 deret
495 2497 549 2539 de
569 2507 645 2538 tuo
665 2497 869 2548 adventu,
893 2507 935 2538 et
955 2496 1121 2538 doleret
1139 2496 1192 2538 de
1207 2507 1281 2538 tuo
1301 2511 1485 2539 recessu.
1502 2497 1556 2537 Et
1569 2495 1648 2537 hoc
1659 2494 1885 2536 honestius

360 2578 402 2610 et
422 2567 573 2610 utilius
604 2567 713 2609 soret
740 2583 818 2625 pro
848 2583 961 2626 rege.
998 2568 1053 2609 Et
1086 2567 1196 2609 hanc
1228 2566 1339 2609 viam
1375 2566 1557 2608 faciliter
1590 2565 1772 2608 inferius
1805 2563 1885 2607 tibi

361 2638 544 2682 tradam.

421 2780 483 2826 V.
519 2781 783 2822 Erubescere
809 2779 925 2821 enim
945 2791 1088 2838 potest
1114 2791 1201 2822 tota
1231 2795 1343 2837 gens
1365 2778 1605 2837 anglicana,
1638 2778 1799 2819 habere
1820 2792 1888 2818 re-

364 2867 460 2910 gem
486 2851 531 2893 in
572 2852 697 2908 cujus
724 2850 930 2903 adventu,
962 2850 1151 2908 populus
1188 2849 1472 2892 contristatur
1499 2847 1806 2899 communiter,
1846 2858 1890 2889 et

364 2921 408 2963 in
442 2936 609 2964 recessu
644 2937 721 2964 suo
748 2921 928 2980 letatur!
961 2920 1072 2975 Quis
1099 2937 1189 2964 non
1217 2920 1370 2963 induet
1400 2919 1611 2979 gemitum
1653 2929 1696 2960 et
1735 2917 1888 2961 fletum

367 3082 470 3105 more
489 3070 558 3104 Dei
580 3069 850 3116 proficiendnm
869 3067 913 3103 R.
933 3084 940 3111 ;
964 3070 1010 3103 ad
1030 3069 1266 3103 sanctitatem
1287 3067 1358 3102 Dei
1380 3067 1587 3102 faciendam
1607 3065 1668 3107 A.‚
1691 3063 1757 3100 Hb.

416 3153 495 3191 IV.
522 3153 534 3175 ¹
550 3153 708 3187 audiunt
725 3152 784 3193 A.‚
808 3151 875 3186 Hb.
