2314 3736
1130 343 1367 387 —118-

489 431 729 492 largiendo,
756 434 882 476 Unde
901 434 1062 477 dicitur
1085 436 1180 478 Ysa.
1206 436 1218 478 i
1244 452 1252 478 :
1276 437 1412 479 Filios
1432 442 1619 482 enutrivi
1635 449 1675 482 et
1693 441 1899 496 exaltavi,
1924 445 2009 502 ipsi

493 514 636 546 autem
663 515 920 563 spreverunt
945 510 1053 550 me0.
1087 507 1143 548 Et
1168 507 1401 550 rustissimi
1438 519 1540 551 sunt
1569 511 1646 567 qui
1674 511 1872 555 subditos
1905 529 2007 557 suos

484 575 744 633 opprimunt
764 591 814 617 ex
835 592 1025 634 quorum
1048 578 1254 635 operibus
1270 579 1421 621 vivunt
1441 580 1552 622 sicut
1579 597 1655 639 pcr
1675 582 1897 626 ministros
1910 595 2007 627 tuos

486 656 585 687 ante
612 645 690 688 bec
718 657 912 705 tempora
935 659 981 690 tu
1005 647 1158 691 fecisti.
1186 649 1242 691 2¹¹¹
1270 650 1442 708 signum
1465 651 1706 695 nobilitatis
1732 664 1797 695 est
1822 653 2005 698 liberali-

491 727 570 768 tas,
616 717 732 759 unde
759 718 892 768 Deus,
928 718 1005 777 qui
1035 730 1098 761 est
1140 720 1435 763 nobilissimus
1478 732 1520 764 et
1553 717 1896 779 liberalissimus,
1929 726 2007 785 qui

485 803 573 829 non
602 787 743 830 solum
771 788 846 830 (lat
872 790 1161 832 servientibus
1188 791 1293 844 suis,
1324 791 1394 833 sed
1424 793 1552 834 etiam
1588 804 1630 836 et
1662 795 1751 836 suis
1787 795 2002 848 hostibus,

488 858 596 900 Mat.
622 875 647 900 v
666 875 674 901 ε
705 861 802 917 Ipse
827 863 938 902 enim
958 861 1089 903 solem
1111 864 1223 920 facit
1243 865 1355 904 oriri
1376 879 1505 921 super
1527 864 1659 906 bonos
1679 875 1719 907 et
1739 866 1918 909 malosd.
1951 869 2007 911 Et

485 929 598 971 sicut
624 929 860 973 liberalitas
881 942 946 973 est
978 932 1151 990 signum
1181 933 1422 976 nobilitatis
1455 934 1514 976 sic
1549 935 1700 993 rapina
1730 948 1794 979 est
1832 937 2004 996 signum

484 1000 754 1044 rusticitatis.
777 1001 919 1053 Unde,
943 1003 1020 1060 qui
1042 1003 1211 1045 nobiles
1233 1015 1492 1062 reputantur
1514 1006 1745 1049 rustissimi
1770 1019 1887 1060 sunt,
1905 1024 2004 1052 cum

484 1087 572 1113 non
596 1083 766 1114 cessant
785 1088 935 1131 rapere
955 1090 975 1115 a
999 1075 1280 1132 pauperibus,
1310 1076 1434 1133 quasi
1461 1076 1506 1118 in
1533 1077 1618 1119 vite
1644 1078 1773 1131 bona,
1797 1079 1857 1121 eis
1876 1080 2004 1122 aDeo

483 1141 654 1195 collata,
685 1142 750 1185 vel
780 1155 993 1197 mutuata,
1025 1145 1134 1187 sicut
1155 1162 1232 1204 per
1253 1162 1524 1204 precursores
1548 1158 1642 1190 tuos
1663 1160 1763 1190 ante
1785 1149 1860 1192 bec
1894 1161 2003 1192 tem-

484 1228 589 1271 pora
627 1224 673 1255 tu
711 1214 849 1256 fecisti
889 1226 931 1257 et
963 1215 1056 1257 fieri
1086 1217 1336 1274 permisisti.
1382 1219 1435 1259 3¹¹¹
1469 1218 1642 1276 siguum
1672 1220 1914 1263 nobilitatis
1940 1232 2006 1264 est

484 1284 775 1326 mansuetudo
801 1296 843 1327 et
868 1286 1204 1331 misericordia0.
1232 1288 1356 1330 Unde
1378 1289 1537 1331 Seneca
1557 1306 1565 1332 ε
1591 1289 1747 1332 Nullus
1767 1291 1898 1333 debet
1913 1308 2005 1335 esse

483 1355 618 1413 magis
639 1355 829 1398 clemens
851 1372 980 1414 quam
1009 1373 1082 1400 rex
1116 1369 1158 1399 et
1184 1359 1399 1417 princeps.
1443 1360 1567 1402 Unde
1601 1360 1931 1405 iracundissime
1955 1379 2004 1406 ac

480 1425 796 1484 pugnatissime
827 1438 930 1469 sunt
956 1443 1056 1486 apes
1085 1439 1125 1471 et
1158 1429 1356 1472 aculeum
1389 1430 1434 1472 in
1469 1431 1646 1473 vulnere
1672 1432 1905 1485 relincunt,
1929 1449 2003 1476 rex

482 1507 628 1538 autem
662 1513 794 1556 apum
824 1513 911 1540 non
940 1497 1071 1541 habet
1102 1499 1318 1553 aculeum,
1351 1501 1493 1543 noluit
1528 1502 1671 1560 ipsum
1710 1514 1880 1557 natura,
1925 1519 2004 1547 nec

482 1582 629 1609 sevum
660 1583 768 1619 esse,
799 1584 878 1610 nec
903 1568 1120 1612 ulcionem
1151 1586 1347 1628 querere.
1387 1573 1435 1614 In
1467 1572 1640 1630 signum
1670 1585 1813 1616 autem
1844 1574 2000 1633 hujus-

484 1637 605 1680 modi
622 1639 972 1682 mansuetudinis
990 1641 1220 1699 inungitur
1240 1657 1335 1696 rex3
1361 1642 1477 1685 unde
1496 1643 1655 1686 dicitur
1674 1645 1719 1702 iij
1737 1646 1905 1703 Regum
1917 1661 1997 1688 xx:

481 1709 620 1767 Reges
641 1710 820 1752 Israelis
839 1711 1068 1753 clementes
1098 1722 1210 1766 sunt,
1253 1723 1295 1754 et
1324 1714 1522 1771 sequitur
1563 1731 1572 1757 :
1611 1716 1911 1774 Egrediamur
1941 1716 2005 1759 ad

481 1794 624 1838 regem
653 1780 851 1833 Israelis,
868 1783 1063 1840 forsitan
1076 1783 1266 1826 salvabit
1279 1789 1448 1826 animas
1461 1785 1666 1830 nostrass.
1692 1787 1746 1828 Et
1766 1786 1812 1828 in
1827 1785 2000 1829 Psalmo

479 1849 641 1892 dicitur
670 1866 679 1892 ε
708 1852 871 1894 Parcet
888 1856 1084 1910 pauperi
1101 1863 1142 1895 et
1167 1857 1298 1911 inopi,
1323 1865 1362 1896 et
1383 1858 1556 1897 animas
1581 1871 1824 1914 pauperum
1851 1858 2002 1900 salvas

473 1921 611 1978 saciet
624 1924 656 1963 ⁰.
693 1922 799 1963 Mat.
834 1924 876 1979 xj
911 1939 918 1965 :
958 1924 1122 1966 Discite
1150 1940 1179 1965 a
1211 1941 1291 1978 me,
1323 1931 1423 1984 quia
1462 1929 1578 1969 mitis
1602 1943 1714 1980 sum,
1751 1937 1791 1969 et
1822 1927 2000 1970 humilis

477 1992 607 2034 corde
627 2007 641 2034 .·
671 2002 713 2035 et
732 1997 954 2037 invenietis
968 2000 1156 2053 requiem
1178 1997 1411 2038 animabus
1432 2001 1584 2040 vestris
1595 1995 1626 2039 ⁶.

536 2132 622 2178 42.
658 2134 715 2177 Et
736 2134 848 2177 sicut
869 2135 1157 2178 mansuetudo
1178 2136 1222 2181 in
1245 2137 1480 2195 subjectos,
1504 2149 1569 2180 est
1594 2139 1767 2198 signum
1789 2139 1996 2182 nobilita-

478 2202 549 2256 tis,
575 2204 635 2246 sic
652 2204 883 2247 crudelitas
915 2205 1025 2248 facta
1045 2206 1090 2248 in
1111 2206 1223 2260 eos¹,
1254 2223 1328 2250 seu
1356 2209 1563 2266 permissa
1593 2209 1703 2263 fieri,
1733 2220 1798 2252 est
1823 2210 1997 2269 signum

520 2392 592 2430 42.
621 2394 632 2416 ¹
654 2393 728 2441 (sic
751 2414 792 2421 -
814 2394 853 2429 in
870 2395 954 2441 eos)
975 2394 1025 2430 ita
1045 2395 1177 2431 sevitia
1194 2396 1233 2430 in
1254 2408 1335 2437 eos,
1358 2395 1431 2438 Cl.,
1455 2397 1498 2432 V.
1524 2397 1566 2431 R.

474 2530 518 2538 —
539 2522 571 2546 e.
596 2510 772 2546 Sedulius
791 2511 939 2553 Scotus,
962 2513 1006 2546 P.
1028 2514 1084 2553 L.,
1108 2518 1134 2547 t.
1155 2513 1257 2555 CIII,
1281 2527 1316 2560 p.
1341 2515 1409 2549 324
1429 2527 1436 2548 z
1461 2528 1479 2548 «
1501 2515 1576 2557 Qui
1597 2515 1721 2550 bonus
1742 2522 1800 2550 est
1817 2517 1995 2564 princeps

474 2558 603 2592 multis
633 2559 814 2593 virtutum
838 2560 1053 2605 praeconiis
1086 2561 1305 2601 adornatur,
1335 2562 1492 2596 maxime
1523 2575 1612 2597 vero
1646 2563 1854 2604 clementia,
1888 2577 1994 2599 man-

474 2605 687 2646 suetudine,
720 2607 865 2641 animae
887 2607 1172 2653 tranquillitate,
1196 2621 1385 2654 nunquam
1408 2610 1595 2655 recipiens
1617 2616 1876 2656 tempestatem
1896 2624 1930 2650 »;
1950 2631 1995 2638 -

473 2652 667 2687 Guillelmi
695 2653 858 2693 Peratdi,
888 2656 938 2688 De
965 2654 1175 2689 eruditione
1228 2656 1426 2703 rincipum,
1451 2657 1494 2690 L.
1526 2657 1555 2697 1,
1591 2669 1671 2703 cap.
1701 2660 1743 2698 6;
1774 2678 1821 2684 —
1844 2658 1995 2705 Aegidii

475 2699 633 2734 Romani
659 2702 711 2734 De
740 2701 914 2747 regimine
935 2701 1164 2750 principum,
1194 2667 1278 2736 [fib.
1299 2703 1327 2743 1,
1350 2704 1450 2737 Part.
1474 2704 1503 2744 Ι,
1526 2716 1567 2738 ca
1602 2731 1608 2738 .
1629 2706 1696 2746 12;
1726 2704 1795 2746 id„
1820 2705 1920 2740 Part.
1942 2706 1992 2747 11,

472 2759 554 2793 cap.
578 2748 646 2787 25;
681 2761 699 2781 «
727 2748 854 2781 nullus
880 2755 938 2782 est
969 2761 1056 2782 vere
1089 2750 1362 2795 magnanimus,
1395 2750 1469 2784 nisi
1497 2751 1546 2785 sit
1572 2717 1695 2786 bonus
1722 2757 1759 2786 et
1790 2753 1942 2788 humilis
1956 2765 1991 2794 »ς

470 2813 517 2820 -
541 2793 734 2828 Hincmari
761 2796 812 2829 De
842 2794 971 2829 ordine
997 2795 1156 2836 Palatii,
1186 2809 1267 2842 cap.
1297 2797 1331 2830 11
1356 2798 1489 2842 (Pron.
1519 2811 1555 2844 p.
1590 2799 1648 2844 8);
1679 2799 1789 2833 Joan.
1823 2799 1991 2840 Saresb.,

470 2840 746 2887 Polycraticus,
769 2842 813 2875 L.
849 2842 913 2883 lv,
949 2854 1029 2888 cap.
1066 2844 1110 2883 4;
1144 2863 1187 2870 —
1219 2844 1395 2884 Bracton‚
1429 2844 1514 2879 Lib.
1546 2846 1614 2886 111,
1640 2858 1720 2892 cap.
1752 2846 1815 2887 IX,
1842 2847 1925 2892 §33
1946 2866 1995 2874 —

472 2887 634 2923 Carmen
655 2889 700 2922 de
721 2889 829 2923 Bello
851 2889 1034 2929 Lewensi,
1056 2902 1090 2924 v,
1115 2892 1182 2926 716
1203 2897 1239 2924 et
1257 2903 1340 2938 sqq.
1364 2891 1426 2937 (C.
1444 2892 1488 2926 L.
1512 2892 1736 2939 Kingsford,
1753 2906 1815 2940 pp.
1837 2895 1894 2935 23,
1914 2894 1992 2941 34.)

821 2952 878 2984 Vir
901 2953 1039 2995 prudens
1057 2958 1087 2985 et
1107 2954 1236 2986 humilis
1258 2959 1312 2997 qui
1334 2966 1405 2986 suos
1426 2967 1489 2987 non
1508 2956 1613 2992 ledat:

824 2994 978 3036 Principis
997 2999 1156 3027 conterere
1174 3007 1238 3027 non
1254 3004 1310 3033 eet,
1332 2996 1383 3027 md
1403 3001 1484 3028 tueri
1499 3009 1506 3033 ;

825 3036 980 3078 Principis
998 3037 1174 3078 obprimere
1192 3049 1257 3069 non
1276 3043 1331 3075 eet.
1353 3038 1405 3069 wd
1424 3043 1538 3070 mereri

822 3077 930 3109 Multis
949 3077 1104 3109 beneficiis
1123 3090 1251 3110 suorum
1272 3079 1420 3112 savorem.

467 3136 497 3182 f.
526 3135 580 3170 111
603 3136 694 3187 aeg.
718 3136 796 3178 xx,
820 3138 877 3173 31.
895 3158 943 3164 —
960 3150 996 3185 g.
1018 3138 1081 3172 ps.
1104 3138 1235 3181 Lxxi,
1260 3141 1315 3176 13.
1338 3159 1380 3167 -
1402 3139 1438 3175 lt.
1462 3139 1568 3175 Mau.
1588 3139 1651 3182 x1,
1672 3141 1728 3177 29.

2282 1030 2293 1035 ι

2303 1137 2314 1255 Q—a-
2309 1090 2314 1116 -.
2310 1034 2314 1069 η..
2306 947 2314 1011 ..-...
