2444 3750
1000 386 1213 426 ...25-

342 509 464 555 circa
491 524 674 554 annum
701 510 839 564 1345,
866 508 926 553 ita
952 522 1122 570 parum
1148 504 1388 551 curavisse
1415 502 1703 550 Edwardum
1723 503 1869 567 patris

342 605 390 644 et
410 614 492 644 sua
515 596 672 643 debita
693 594 1028 661 persolvenda,
1051 602 1103 640 ut
1123 592 1383 640 creditores
1407 609 1518 638 suos
1547 590 1762 637 funditus
1782 607 1869 656 pe-

342 686 481 732 cunia
502 684 791 749 exspoliatos
811 682 1160 747 dereliquerit¹.

407 774 634 820 ,Ianuario
661 789 826 820 mense
853 772 965 819 anni
999 774 1139 828 1345,
1187 789 1207 814 «
1235 786 1351 834 gens
1379 768 1644 816 Bardorum
1669 788 1690 812 »
1721 786 1747 815 a
1775 786 1871 832 qua

344 870 590 909 mutuatus
633 870 736 908 erat
770 864 868 908 Rex
905 868 1146 924 nongenta
1183 858 1327 905 millia
1364 858 1663 905 florenorum
1698 874 1870 904 aureo-

343 967 471 1007 rum,
500 951 700 997 societas
727 953 1044 996 Peruzzorum
1070 949 1147 995 cui
1165 956 1386 994 sexcenta
1408 947 1556 993 millia
1578 946 1873 993 florenorum

345 1038 552 1086 debebat
600 1048 647 1086 et
689 1038 951 1085 nonnullae
972 1037 1092 1084 aliae
1130 1037 1381 1083 societates
1403 1040 1871 1092 Bonnaccursorum,

347 1129 678 1186 Corsinorum‚
716 1127 1092 1185 Antelessorum‚
1134 1134 1332 1191 propter
1377 1125 1597 1171 Edwardi
1626 1118 1874 1189 negligen4

347 1219 462 1264 tiam
489 1226 536 1264 et
568 1218 796 1282 inopiam,
824 1233 934 1263 cum
968 1215 1223 1280 pecuniam
1250 1213 1337 1260 sibi
1376 1213 1587 1260 debitam
1620 1231 1719 1260 non
1750 1213 1873 1260 reci-

347 1314 537 1371 perent,
580 1307 758 1370 ingenti
788 1304 984 1369 quidem
1019 1321 1128 1351 aere
1160 1304 1317 1350 alieno
1354 1319 1616 1368 oppressae
1655 1301 1871 1359 suerunt,

349 1411 446 1458 quo
468 1393 657 1441 liberari
679 1393 776 1455 jam
798 1393 932 1439 nullo
963 1392 1107 1439 modo
1128 1392 1401 1438 valuerunt.

415 1482 468 1529 Id
492 1499 580 1529 nos
602 1483 773 1529 iterum
800 1481 982 1528 inducit
1011 1490 1061 1527 ut
1092 1482 1424 1528 recensionem
1455 1483 1509 1537 Β,
1539 1480 1663 1526 circa
1693 1495 1876 1526 annum

355 1574 477 1618 1344
506 1580 589 1618 aut
616 1574 733 1618 1345
756 1571 1070 1636 compositam
1091 1587 1196 1617 esse
1217 1578 1498 1616 statuamus.

417 1660 519 1707 Alio
546 1659 756 1725 quodam
783 1667 1066 1724 argumento
1099 1658 1217 1705 haec
1249 1658 1411 1723 opinio
1439 1656 1714 1704 confirmari
1741 1655 1876 1703 vide-

350 1758 449 1808 tur,
485 1759 531 1797 et
564 1749 648 1796 illo
680 1748 876 1813 quidem
905 1765 963 1795 ex
998 1749 1110 1813 ipsis
1148 1746 1302 1794 verbis
1339 1746 1555 1809 ejusdem
1586 1745 1878 1793 recensionis

351 1842 386 1884 B
422 1838 729 1903 deprompto.
768 1841 945 1902 Regem
995 1837 1124 1883 enirn
1175 1836 1449 1900 indignatur
1491 1843 1658 1881 auctor
1701 1833 1879 1880 multos

352 1929 492 1975 nimis
530 1944 679 1992 equos
717 1943 879 1973 emere
923 1926 1200 1990 exquisitos,
1226 1926 1365 1971 nimis
1405 1924 1543 1970 ludos
1581 1923 1876 1980 instituere²‚

352 2018 483 2064 omni
518 2016 726 2080 denique
751 2023 969 2080 sumptus
995 2015 1160 2079 generi
1196 2014 1395 2060 nimium
1433 2012 1698 2076 indulgere.
1738 2012 1881 2076 Atqui

353 2106 582 2153 certiores
623 2104 733 2151 facti
769 2121 934 2150 sumus
965 2103 1178 2161 aliunde,
1214 2102 1396 2168 plures,
1436 2103 1719 2167 praesertim
1756 2101 1881 2148 circa

354 2212 537 2242 annum
581 2197 722 2251 1344,
769 2203 817 2240 et
855 2210 1037 2239 annum
1082 2195 1222 2251 1345,
1262 2209 1408 2256 quam
1445 2190 1547 2237 aliis
1584 2189 1881 2254 temporibus

354 2284 509 2348 regni,
543 2282 746 2330 indictos
775 2300 878 2330 esse
904 2281 963 2329 ab
992 2281 1224 2328 Eslwardo
1251 2288 1519 2327 conventus
1551 2278 1794 2326 solemnes
1820 2278 1880 2325 ad

360 2394 380 2417 «
419 2371 673 2419 hastiludia
706 2370 973 2418 exercenda
1017 2391 1059 2417 ».
1105 2374 1232 2417 Haec
1269 2369 1482 2435 profecto
1515 2386 1539 2415 a
1573 2367 1883 2432 scriptoribus

356 2461 663 2508 historiarum
683 2459 862 2507 affatim
883 2459 1195 2507 referuntur³.

414 2713 448 2748 1.
482 2711 547 2749 W.
571 2709 726 2754 stubbs,
750 2723 811 2759 op.
846 2710 930 2755 cit„
963 2722 1001 2760 p.
1037 2710 1127 2748 397.
1150 2710 1214 2746 W.
1251 2707 1533 2756 Cunningham,
1569 2707 1644 2743 lee
1668 2705 1813 2755 grmvt.¹2
1844 2702 1891 2754 of

358 2769 517 2818 English
535 2769 727 2816 industry‚
752 2782 790 2819 p.
817 2770 906 2807 379.
934 2768 1047 2807 ...the
1076 2766 1333 2811 Frescobaldi,
1356 2766 1484 2811 Bardi,
1508 2766 1584 2802 and
1597 2764 1766 2810 Peruzzi,
1791 2764 1885 2801 with

358 2827 484 2864 whom
508 2827 671 2864 Edward
694 2829 748 2864 111
774 2828 850 2865 had
871 2827 964 2865 such
987 2827 1100 2879 ⁸large
1123 2825 1386 2864 transactions.
1410 2830 1488 2863 [ἰοί.
1515 2827 1639 2871 Parl.‚
1662 2831 1689 2861 t.
1718 2825 1769 2868 11,
1792 2825 1884 2861 240.

411 2887 450 2924 ⁶2.
482 2888 509 2922 B
531 2887 571 2935 ἐξ
589 2888 694 2933 XIV,
717 2888 802 2925 XV.

414 2946 450 2983 3.
483 2945 619 2982 Adami
640 2945 924 2984 Murimutensis
949 2947 1166 2990 chronicon,
1193 2958 1231 2995 p.
1259 2947 1331 2982 1155
1354 2959 1362 2981 z
1386 2946 1498 2980 Anno
1524 2944 1638 2989 1344,
1661 2955 1730 2979 rex
1751 2954 1790 2979 se
1814 2941 1886 2978 de-

360 3003 416 3040 dit
437 3003 564 3041 multis
582 3004 897 3044 venationibus...
917 3014 953 3044 et
973 3005 1057 3042 aliis
1068 3003 1211 3042 solatiis
1226 3016 1346 3054 usque
1362 3010 1447 3053 post
1462 3003 1597 3039 festum
1613 3004 1651 3040 S.
1674 3000 1886 3038 Michaelis.

364 3062 617 3101 ...ordinavit
639 3076 706 3099 rex
732 3064 873 3102 habere
894 3063 1130 3102 nobilissima
1155 3062 1373 3107 hastiludia,
1398 3062 1478 3099 sive
1499 3059 1718 3098 tirocinium
1739 3058 1778 3096 in
1801 3059 1888 3097 loco

361 3119 570 3158 nativitatis
591 3134 694 3167 suae,
720 3122 895 3161 videlicet
927 3123 966 3160 in
998 3130 1121 3160 castro
1150 3123 1198 3159 de
1235 3123 1485 3171 Wyndesore.
1521 3143 1572 3148 —
1603 3121 1716 3159 Nem.
1748 3121 1797 3157 D.
1818 3120 1886 3166 X.‚

364 3180 429 3218 fol.
453 3181 541 3228 132,
564 3180 629 3219 cit.
653 3181 758 3233 apud
776 3182 968 3220 Adamum
989 3181 1318 3220 Murimutensem.
