2444 3750
1294 344 1506 384 ,50-

632 463 693 510 ita
709 463 859 527 egisse
876 461 1142 528 putandum
1157 470 1247 509 est.
1270 463 1396 522 Quin
1420 463 1566 510 immo
1581 462 1790 511 fatentur
1810 464 1947 512 multi
1966 468 2150 526 coaevi,
2205 483 2214 487 ’

632 551 738 598 illos
757 560 1003 598 exactores
1028 550 1135 616 plus
1165 567 1219 598 ac
1239 550 1393 598 multo
1412 551 1521 616 plus
1547 569 1691 616 quam
1715 553 1895 615 justum
1925 553 2156 602 tributum

631 639 898 686 abstulisse.
947 642 1095 686 Nemo
1130 648 1232 686 erat
1264 648 1439 696 arator,
1474 641 1554 704 qui
1599 641 1818 703 injuriam
1858 641 1943 688 sibi
1986 641 2156 690 factam

633 730 768 794 queri
795 737 972 793 posset.
1013 732 1197 775 Interea
1227 729 1429 775 ministri
1465 730 1605 793 regis,
1636 729 1888 795 capiebant
1915 740 1963 778 et
1990 749 2157 797 aspor-

631 816 797 864 tabant
826 834 924 863 non
949 816 1102 863 solum
1130 834 1206 863 res
1240 816 1448 874 venaleS,
1483 826 1534 864 ut
1563 817 1714 876 lanas,
1737 827 1784 865 et
1810 828 1963 866 cetera
1991 819 2157 883 hujus-

630 904 778 962 modi,
818 905 900 952 sed
946 907 1089 953 etiam
1122 923 1291 971 equOS,
1330 905 1643 964 frumentum,
1681 924 1880 954 avenam
1923 917 2157 973 quantum

629 993 887 1052 volebant,
931 994 1155 1041 omnibus
1199 1003 1359 1042 autem
1400 994 1532 1053 locis,
1581 1003 1793 1042 aratores
1832 1005 1879 1043 et
1922 1014 2158 1062 pauperes

634 1083 821 1148 spoliati
856 1100 910 1130 ac
951 1084 1104 1131 vexati
1144 1083 1422 1154 gemebant:
1463 1101 1621 1148 neque
1660 1093 1817 1132 tamen
1865 1105 1885 1130 «
1921 1084 2158 1151 simplices

632 1171 852 1219 homines
881 1173 1021 1219 unius
1046 1172 1186 1219 villae
1219 1172 1399 1220 audent
1424 1174 1489 1220 eis
1515 1174 1753 1230 resistere,
1779 1182 1975 1239 propter
1995 1174 2156 1222 multi-

632 1261 850 1308 tudinem
874 1278 1044 1309 eorum
1052 1296 1233 1308 .........
1266 1261 1524 1308 admittunt
1545 1279 1644 1320 eos,
1664 1271 1712 1309 et
1731 1263 1852 1309 circa
1876 1279 1958 1310 eos
1978 1261 2158 1311 faciunt

630 1366 797 1414 graves
818 1349 1092 1414 expensas¹.
1123 1368 1143 1393 n

698 1441 834 1498 Quae
864 1438 1059 1503 quidem
1089 1454 1328 1503 expensae
1356 1455 1413 1485 eo
1442 1439 1682 1503 graviores
1714 1447 1852 1486 erant
1881 1455 1978 1503 quo
2010 1437 2156 1486 vehe-

632 1527 844 1574 mentior
859 1526 1054 1573 audacia
1077 1526 1403 1572 ministrorum
1424 1525 1590 1591 regis’.
1613 1527 1725 1586 Qui,
1749 1543 1859 1573 cum
1879 1527 1926 1573 in
1946 1526 2155 1592 aliquem

630 1615 791 1662 locum
825 1632 876 1662 se
911 1614 1207 1672 conferrent,
1245 1613 1327 1673 ibi,
1357 1614 1616 1661 lautissima
1645 1632 1883 1680 quaeque,
1912 1632 2021 1662 cum
2046 1614 2152 1674 sibi,

630 1712 734 1751 tum
754 1705 890 1769 equis
915 1704 1029 1762 suis,
1052 1703 1403 1751 subministrari
1425 1702 1676 1766 jubebant,
1701 1720 1859 1768 neque
1880 1721 2040 1751 rerum
2067 1721 2155 1751 an-

632 1794 855 1857 gustiam,
892 1794 941 1839 in
972 1810 1066 1857 qua
1096 1809 1239 1857 saepe
1271 1791 1550 1840 versabatur
1586 1791 1780 1857 hospes,
1821 1792 2019 1855 alicujus
2055 1809 2154 1840 mo·

633 1882 784 1929 menti
803 1880 1055 1928 faciebant.
1090 1881 1322 1928 Postridie
1341 1897 1476 1938 vero,
1494 1897 1605 1927 cum
1628 1881 1676 1927 in
1694 1897 1751 1928 eo
1772 1889 1910 1928 erant
1936 1889 1987 1927 ut
2006 1879 2154 1946 proli-

631 1971 943 2029 ciscerentur,
969 1989 989 2014 «
1004 1986 1092 2035 pro
1105 1970 1240 2017 litera
1257 1968 1374 2016 nihil
1395 1968 1662 2028 solvebant,
1685 1986 1774 2017 nec
1794 1986 1882 2034 pro
1903 1969 2026 2017 lecto
2046 1987 2152 2028 suo,

631 2075 721 2107 nec
741 2076 829 2124 pro
855 2059 983 2124 igne,
1006 2075 1095 2124 pro
1115 2058 1274 2116 foeno,
1298 2057 1454 2105 solum
1475 2075 1627 2105 unum
1646 2057 1895 2105 denarium
1923 2078 1966 2116 »,
1995 2067 2043 2105 et
2067 2059 2152 2117 sic,

689 2198 723 2233 1.
756 2199 789 2234 A
808 2197 828 2246 §
845 2197 909 2234 00
934 2217 987 2225 —
1002 2196 1077 2234 Ad.
1104 2195 1404 2242 Murimutensis‚
1438 2195 1637 2261 Chronica,
1665 2208 1705 2246 p.
1741 2195 1804 2233 82.
1838 2196 1960 2245 Super
1984 2194 2155 2232 omnium

631 2255 862 2322 populorum
892 2255 1063 2292 dolorem
1090 2254 1248 2292 vulnera
1275 2254 1507 2291 addiderunt
1540 2253 1635 2303 regii
1668 2261 1865 2291 exactores
1879 2253 1983 2314 qui..
1990 2266 2096 2304 ‚pro
2115 2266 2154 2291 se

630 2314 736 2366 ipsis,
759 2312 801 2352 in
820 2314 925 2352 omni
945 2313 1035 2351 villa
1051 2321 1088 2351 et
1101 2313 1233 2351 villula
1253 2321 1290 2351 et
1309 2312 1526 2364 parrochia,
1555 2316 1660 2350 ultra
1678 2294 1890 2362 praedicta
1903 2311 2006 2360 fisco
2025 2314 2154 2363 appli-

629 2374 790 2411 canda..
799 2373 1045 2424 ,portionem
1062 2385 1168 2410 suam
1188 2371 1453 2423 pecunialiter,
1479 2384 1555 2409 non
1573 2370 1815 2409 mediocriter
1830 2370 2075 2408 emulserunt.

685 2435 722 2470 2.
758 2433 818 2481 A§
835 2434 899 2471 26.
924 2437 1068 2470 —Rot.
1095 2434 1222 2475 Parl.‚
1246 2439 1272 2470 t.
1301 2433 1352 2475 11,
1373 2443 1413 2481 p.
1442 2432 1533 2469 169.
1555 2429 1689 2480 ...prie
1707 2429 1742 2467 la
1761 2442 1961 2467 commune
1984 2442 2031 2480 qe
2047 2441 2154 2468 come

630 2490 685 2529 les
707 2490 860 2529 chivalx
882 2490 916 2528 le
937 2490 1025 2535 Roi,
1046 2490 1081 2528 la
1101 2490 1263 2541 Roigne‚
1286 2497 1323 2528 et
1342 2489 1376 2527 le
1399 2489 1548 2536 Prince,
1581 2489 1746 2541 pullains
1766 2496 1802 2527 et
1823 2495 1949 2526 autres
1967 2488 2089 2526 eirent
2106 2499 2156 2527 en

631 2550 760 2588 divers
781 2550 883 2588 lieux
904 2549 1180 2599 d'Engleterre,
1206 2550 1346 2587 sesantz
1365 2556 1451 2600 trop
1477 2561 1594 2599 granz
1613 2549 1792 2598 damages
1809 2547 1846 2586 e't
1874 2547 2087 2586 extorsions
2105 2552 2174 2586 au'

630 2609 781 2660 poeple,
805 2616 986 2660 prenantz
1007 2610 1148 2658 feynes,
1175 2608 1297 2654 litere,
1322 2609 1436 2654 feves,
1454 2607 1623 2655 aveines,
1646 2615 1683 2645 et
1701 2615 1826 2644 autres
1845 2607 1992 2651 choses,
2009 2619 2031 2643 a
2044 2613 2155 2656 grant

629 2681 817 2718 grevance
837 2675 874 2706 et
893 2667 1128 2705 destruction
1157 2668 1210 2705 du
1233 2667 1382 2718 poeple,
1406 2674 1536 2704 contre
1566 2666 1600 2704 la
1622 2665 1770 2703 volente
1791 2666 1839 2703 de
1859 2678 1955 2703 ceux
1978 2678 1998 2702 a
2024 2677 2154 2716 queux

630 2727 684 2765 les
705 2727 786 2765 blez
806 2735 904 2773 sont,
927 2734 963 2764 et
983 2734 1113 2764 contre
1135 2727 1376 2764 l'ordenance
1393 2733 1457 2764 ent
1478 2726 1579 2764 faite.
1601 2725 1720 2763 Pleise
1739 2738 1788 2762 au
1809 2724 1881 2762 Roi
1900 2725 2078 2770 ordener,
2103 2736 2155 2761 ou

631 2799 678 2837 qe
700 2786 753 2824 les
772 2786 926 2824 chivalx
948 2786 1070 2823 soient
1090 2786 1330 2823 demorrantz
1348 2797 1393 2822 en
1413 2784 1555 2823 certein
1578 2783 1654 2821 lieu
1671 2784 1724 2821 du
1738 2790 1898 2821 countee
1917 2796 1968 2820 ou
1988 2781 2033 2820 ils
2052 2790 2150 2826 sont,

630 2853 667 2883 et
686 2858 733 2895 qe
748 2858 820 2895 pur
843 2858 918 2883 eux
939 2857 986 2882 en
1009 2844 1216 2882 covenable
1234 2852 1355 2894 temps
1378 2844 1425 2882 de
1447 2842 1536 2886 l'an‚
1560 2843 1680 2881 soient
1703 2843 1809 2880 faites
1828 2854 2064 2893 purveances
2086 2854 2155 2892 par

630 2904 683 2942 les
709 2905 885 2955 deputez‚
909 2916 1015 2941 come
1035 2910 1150 2954 poent
1170 2903 1318 2940 atvenir
1335 2915 1408 2940 ove
1426 2902 1524 2940 celui
1545 2915 1566 2939 a
1587 2902 1623 2952 qi
1648 2902 1700 2939 les
1722 2901 1829 2939 biens
1849 2908 2010 2947 serront,
2038 2908 2074 2938 et
2092 2913 2149 2945 ce,

629 2976 680 3001 ou
700 2963 745 3000 ils
766 2970 850 3000 sont
869 2976 890 2999 a
910 2963 1066 3006 vendre,
1091 2969 1126 2999 et
1150 2961 1263 2999 neuni
1284 2969 1519 3005 autrement;
1540 2973 1590 2998 ou
1608 2961 1752 3011 donqes
1771 2959 1843 2997 soit
1858 2959 1992 3010 enquis
2007 2960 2055 2997 de
2070 2959 2155 2997 lour

630 3022 704 3059 mal
728 3029 836 3072 porte
862 3022 1003 3059 devant
1022 3033 1084 3058 ces
1111 3021 1261 3059 heures.
1283 3043 1334 3048 —
1361 3034 1399 3071 p.
1430 3021 1522 3058 228.
1553 3019 1722 3057 ...Pleise
1748 3032 1769 3056 a
1795 3026 1921 3056 nostre
1947 3018 2102 3068 seignur
2119 3017 2154 3056 le

629 3080 702 3118 Roi
728 3081 973 3118 commander
1002 3093 1049 3131 qe
1080 3079 1162 3117 tiels
1195 3091 1472 3130 purveaunces,
1503 3079 1579 3116 due
1609 3078 1797 3129 paiement
1823 3090 1870 3115 en
1891 3077 1963 3116 soit
1996 3076 2076 3124 fait,
2106 3089 2153 3114 en

630 3139 862 3178 relevement
877 3140 925 3177 de
939 3151 1007 3177 son
1030 3138 1180 3190 poeple,
1202 3147 1238 3176 et
1261 3151 1307 3176 en
1327 3150 1441 3176 oevre
1461 3138 1509 3175 de
1529 3137 1686 3175 charite.
