2314 3736
1118 360 1330 400 ..88-

458 452 553 504 viri,
577 453 785 495 habentes
807 450 944 509 legem
973 448 1071 500 Dei,
1102 459 1146 491 et
1164 448 1394 492 hominum
1428 448 1708 508 reputacione
1742 450 1893 503 sancti,
1929 450 1983 494 de

456 521 712 581 hujusmodi
739 521 886 568 rebus.
916 530 1067 562 contra
1096 519 1364 562 voluntatem
1392 519 1688 572 dominorum,
1711 519 1877 578 aliquid
1904 537 1982 580 pro

457 610 501 636 se
528 603 571 636 et
606 608 685 652 pro
723 591 812 634 suis
852 590 1110 642 admittunt,
1152 601 1194 632 et
1231 589 1473 648 disponunt
1508 589 1561 632 de
1600 590 1684 632 hiis
1727 606 1806 649 pro
1855 591 1981 634 libito

455 662 711 714 voluntatis,
735 673 778 705 et
797 661 851 704 de
872 661 955 703 hiis
970 660 1206 703 comedunt
1220 671 1262 703 et
1278 660 1599 703 bibuntcontra
1618 660 1727 704 illud
1748 661 1891 706 Thob.
1911 661 1940 720 ij
1967 678 1976 704 :

455 734 588 777 Anna
615 749 728 776 uxor
751 733 907 776 leobie
930 733 984 775 de
1010 732 1155 775 labore
1187 748 1394 774 manuum
1417 748 1596 775 suarum
1623 736 1731 776 vivit
1758 742 1799 775 et
1826 736 1978 777 victum

455 822 577 865 quem
613 807 816 863 consequi
842 807 990 862 potuit
1018 802 1191 846 Thobie
1223 803 1468 862 deferebat,·
1503 804 1615 846 unde
1654 819 1753 846 cum
1789 819 1874 846 una
1909 803 1980 846 die

455 878 583 919 edum
617 890 858 934 caprarum
899 877 1114 933 accipiens
1148 874 1371 916 detulisset
1396 875 1515 917 domi
1525 873 1550 928 ¹,
1589 873 1689 916 sed'
1713 890 1806 917 cum
1838 890 1977 918 vocem

458 946 652 991 balantis
674 949 740 990 vir
759 948 856 1004 ejus
876 946 1071 988 audisset
1089 945 1201 988 dixit
1221 959 1234 986 :
1256 945 1349 988 vide
1373 960 1426 987 ne
1441 946 1558 1004 forte
1579 946 1772 1004 furtivus
1789 949 1862 999 sit,
1885 946 1978 988 red-

453 1018 541 1061 dite
566 1017 658 1072 [sic]
679 1033 775 1059 eum
808 1017 981 1059 domino
1007 1031 1101 1069 suo,
1119 1018 1221 1075 quia
1240 1031 1326 1058 non
1357 1015 1454 1059 licet
1490 1016 1612 1058 nobis
1653 1017 1826 1075 aliquid
1854 1017 1980 1059 edere

454 1090 508 1132 de
521 1090 643 1148 furto
663 1097 739 1130 aut
764 1090 1012 1146 contingere
1027 1091 1059 1129 ⁰.
1085 1086 1171 1129 Sed
1192 1102 1310 1129 nunc
1327 1098 1391 1129 est
1410 1087 1573 1129 clamor
1597 1086 1719 1145 quasi
1748 1103 1824 1146 per
1844 1098 1976 1129 totam

456 1159 567 1202 hanc
590 1169 747 1201 terram
770 1157 889 1216 quod
909 1172 981 1199 rex
1004 1168 1045 1199 et
1072 1156 1139 1200 sui
1162 1156 1313 1199 vivunt
1332 1157 1386 1199 de
1412 1157 1458 1212 [f.
1483 1159 1609 1211 135']
1628 1158 1760 1215 hujus
1781 1157 1931 1216 rapina
1945 1157 1973 1207 ³,

453 1230 488 1273 si
517 1229 778 1272 auderemus
804 1227 984 1282 dicere‘,
1009 1239 1050 1270 et
1077 1227 1140 1270 illi
1161 1227 1215 1270 de
1235 1227 1395 1270 familia
1419 1239 1491 1271 tua
1514 1239 1617 1270 sunt
1643 1228 1762 1270 surdi
1780 1228 1882 1286 quia
1903 1243 1975 1270 no-

453 1301 552 1343 lunt
573 1300 655 1343 hoc
680 1299 832 1342 audire
847 1301 973 1357 juxta
995 1299 1104 1341 illud
1128 1298 1375 1342 Psalmiste:
1400 1299 1543 1341 Aures
1554 1299 1716 1342 habent
1735 1309 1776 1341 et
1794 1315 1882 1341 non
1901 1315 1976 1341 αιι-

452 1368 607 1415 dient⁶.
654 1371 770 1413 Sunt
793 1370 881 1412 ceci
910 1372 1036 1428 juxta
1075 1369 1185 1412 illud
1219 1369 1377 1413 Psalmi
1412 1387 1421 1412 ε
1454 1370 1885 1429 Comprehenderunt
1909 1385 1977 1412 me

452 1446 717 1502 iniquitates,
743 1451 785 1484 et
806 1457 892 1484 non
913 1443 1064 1500 Ροῐαίο
1097 1451 1145 1484 ut
1172 1442 1375 1485 viderem.
1410 1441 1465 1483 Et
1505 1440 1703 1500 Sapienc.
1738 1440 1765 1499 ij
1794 1457 1802 1482 ε
1831 1442 1974 1482 Exce-

451 1517 564 1558 eavit
582 1529 654 1556 eos
681 1513 857 1555 malicia
877 1511 1073 1556 eorumd.
1099 1512 1214 1554 Sunt
1248 1511 1377 1554 etiam
1417 1511 1529 1554 sicut
1567 1527 1693 1554 canes
1727 1511 1853 1564 muti,
1886 1527 1974 1554 non

451 1584 642 1627 valentes
668 1584 840 1635 latrare,
871 1599 971 1626 nam
1003 1583 1107 1626 tales
1135 1583 1333 1626 homines
1359 1582 1520 1641 regiam
1559 1582 1744 1642 graciam
1776 1582 1975 1625 amittere

451 1654 734 1699 formidantes
760 1665 804 1697 et
839 1653 959 1713 loqui
986 1653 1122 1697 libere
1149 1665 1264 1697 recta
1290 1653 1647 1713 pertimescunt⁵;
1674 1665 1716 1696 et
1741 1653 1846 1696 tales
1871 1664 1975 1696 sunt

449 1726 628 1786 quidam
648 1724 839 1785 episcopi
860 1736 903 1768 et
929 1724 1098 1784 prelati,
1125 1724 1208 1767 hiis
1238 1724 1407 1768 diebus.
1438 1726 1566 1767 Juxta
1593 1724 1784 1767 veritatis
1806 1740 1969 1776 vocem,

450 1812 727 1856 nequaquam
745 1798 836 1855 jam
857 1796 996 1855 gregis
1015 1795 1226 1849 custodie,
1250 1795 1315 1838 vel
1338 1807 1561 1855 pastorum
1584 1795 1744 1843 studio.
1770 1795 1842 1838 sed
1866 1811 1971 1837 mer-

451 1868 724 1911 cenariorum
745 1867 834 1910 vite
854 1866 1120 1919 deserviunt,
1153 1866 1255 1926 quia
1290 1866 1490 1909 veniente
1522 1866 1627 1925 lupo
1661 1866 1836 1924 fugiunt
1866 1865 1971 1908 dum

449 1955 494 1982 se
531 1939 615 1982 sub
653 1938 831 1981 silencio
869 1937 1161 1980 abscondunt.
1208 1936 1348 1979 Hinc⁸
1378 1953 1566 1995 namque
1605 1953 1680 1995 per
1716 1936 1971 1995 prophetam

448 2009 667 2052 Dominus
687 2025 759 2052 eos
787 2009 979 2068 increpat
999 2008 1146 2051 dicens
1166 2008 1210 2050 in
1234 2008 1457 2051 Ezechiele
1481 2024 1489 2050 :
1519 2008 1617 2051 Non
1643 2008 1898 2050 ascendistis
1918 2023 1973 2050 ea·

448 2081 646 2134 adverso,
673 2097 751 2123 nec
768 2083 976 2139 posuistis
1003 2095 1075 2123 vos
1095 2095 1280 2133 murum,
1304 2095 1391 2137 pro
1412 2080 1536 2122 domo
1555 2079 1735 2121 Israelis
1757 2088 1804 2121 ut
1831 2088 1971 2121 stare-

448 2155 568 2194 lisia
584 2151 730 2210 prelio
757 2154 801 2194 in
827 2151 896 2193 die
920 2151 1096 2194 Domini
1104 2154 1133 2192 ⁶.
1165 2150 1228 2192 Ex
1249 2149 1428 2193 adverso
1455 2149 1619 2209 quippe
1647 2149 1876 2192 ascendere
1907 2160 1972 2191 est

447 2238 527 2281 pro
557 2221 810 2264 defensione
837 2221 978 2280 gregis
1002 2236 1106 2263 voce
1149 2220 1283 2263 libera
1317 2220 1450 2278 hujus
1490 2220 1643 2263 mundi
1684 2219 1971 2279 potestatibus

446 2292 675 2335 contraire.
701 2293 757 2334 Et
777 2291 822 2334 in
842 2291 914 2334 die
937 2291 1105 2334 domini
1123 2290 1262 2350 prelio
1294 2302 1421 2342 stare,
1456 2301 1520 2333 est
1546 2289 1969 2350 pravissdecertanti-

446 2364 529 2406 hus
587 2378 640 2405 ex
683 2362 859 2421 justicie
916 2377 1063 2404 amore
1110 2362 1322 2406 resistere.
1380 2361 1632 2404 Pastoribus
1691 2361 1808 2403 enim
1856 2371 1970 2404 recta

446 2432 644 2476 timuisse
669 2432 826 2484 dicere,
856 2432 964 2491 quid
991 2432 1110 2475 aliud
1131 2443 1195 2475 est
1215 2448 1345 2491 quam
1369 2432 1551 2474 tacendo
1579 2443 1696 2491 terga
1717 2431 1971 2490 prebuisse?

447 2503 536 2558 Qui
563 2503 791 2557 nimirum,
828 2502 862 2545 si
902 2519 981 2562 pro
1010 2518 1137 2562 grege
1168 2519 1213 2545 se
1251 2501 1484 2560 objiciunt,
1518 2518 1693 2545 murum
1727 2518 1807 2561 pro
1837 2502 1969 2544 domo

446 2573 615 2617 Israelis
649 2573 850 2616 hostibus
885 2584 1131 2632 opponunt.
1170 2574 1224 2616 Et
1254 2572 1486 2631 sequitur:
1519 2573 1691 2626 Clama,
1724 2588 1779 2615 ne
1811 2588 1964 2626 cesses,

445 2648 572 2704 quasi
595 2644 699 2687 tuba
719 2645 870 2687 exalta
888 2659 1028 2688 vocem
1052 2654 1187 2697 tuam,
1208 2643 1300 2702 xliij
1314 2643 1337 2686 s.
1365 2645 1404 2686 O
1425 2643 1602 2686 domine
1619 2643 1678 2686 mi
1698 2659 1788 2695 rex,
1807 2645 1905 2702 jura
1926 2654 1968 2686 et

490 2843 533 2880 4.
562 2863 606 2870 —
634 2844 826 2884 ¹domum,
863 2843 937 2885 Cl..
959 2843 1005 2879 V.
1032 2843 1076 2877 R.
1099 2862 1142 2868 —
1171 2843 1306 2888 ’cujus
1339 2854 1435 2884 cum,
1468 2842 1540 2882 cl..
1570 2843 1615 2877 V.
1648 2842 1692 2876 R.
1718 2862 1762 2869 -
1783 2841 1853 2876 ²de
1892 2842 1966 2877 hiis

442 2891 601 2937 rapinis,
626 2890 700 2931 Cl.,
724 2891 769 2927 V.
792 2891 835 2930 R,
854 2904 860 2930 ;
884 2891 930 2924 de
949 2890 1165 2936 hujusmodi
1187 2891 1318 2936 rapina
1341 2890 1380 2924 F.
1405 2910 1448 2917 —
1468 2890 1547 2935 ⁴(si
1574 2890 1798 2924 auderemus
1825 2890 1968 2935 dicere)

442 2949 513 2972 om.
551 2937 625 2978 Cl.,
645 2937 691 2972 V.
715 2938 775 2978 R..
798 2938 839 2971 F.
862 2957 907 2964 —
930 2936 946 2962 ³
962 2938 1017 2983 (et
1038 2937 1142 2983 loqui
1163 2937 1282 2971 libere
1308 2942 1409 2971 recta
1431 2937 1719 2982 pertimescunt)
1737 2942 1774 2971 et
1796 2938 1876 2971 loca
1898 2949 1965 2971 sua

441 2986 602 3031 perdere
628 2985 912 3031 pertimescunt,
936 2984 1009 3025 CI..
1032 2984 1078 3018 V.
1108 2985 1149 3018 R.
1173 3004 1218 3010 —
1237 2983 1252 3005 ⁸
1271 2983 1387 3030 (Hinc
1419 2996 1579 3031 namque
1599 3004 1644 3010 —
1671 2983 1704 3019 Ο
1734 2984 1894 3018 Domine
1914 2984 1965 3018 mi

488 3112 525 3134 a.
554 3099 649 3134 Tob.
677 3100 726 3140 11,
749 3101 808 3140 19,
839 3101 896 3140 20,
926 3101 983 3134 21.
1006 3120 1050 3126 -
1075 3099 1110 3134 b.
1134 3100 1197 3134 Ps.
1226 3099 1362 3139 CXIII,
1386 3102 1431 3140 ὃς
1463 3099 1662 3141 CXXXIV,
1693 3103 1749 3135 17.
1772 3120 1815 3127 -—
1843 3112 1874 3134 c.
1899 3094 1961 3135 Ps'

441 3146 608 3188 XXXIX,
631 3149 687 3183 13.
707 3167 747 3172 —
771 3146 809 3183 d.
828 3147 915 3195 Sap.
940 3147 989 3187 11,
1013 3148 1070 3183 21.
1092 3167 1138 3173 -
1158 3159 1190 3184 e.
1223 3147 1330 3182 Ezec.
1354 3147 1456 3189 XIII,
1476 3149 1510 3183 5.
1538 3167 1583 3174 --
1603 3150 1631 3195 f.
1656 3148 1744 3183 lsai.
1768 3147 1903 3189 LVIII,
1927 3150 1959 3184 1·
