2444 3750
1267 364 1453 406 -5-

612 481 900 530 Edwardum
926 485 991 529 III
1011 482 1253 529 inimicitia
1279 481 1437 546 aliqua
1458 490 1633 541 motus,
1655 499 1716 529 an
1742 483 1900 548 potius
1929 485 1999 532 rei
2029 502 2120 550 pu-

600 570 754 618 blicae
788 570 964 628 studio,
997 569 1202 617 fueritne
1226 569 1464 632 judicatus
1502 587 1529 616 a
1566 571 1752 617 coaevis
1787 571 1826 618 is
1861 572 1943 635 qui
1974 573 2123 637 magis

605 659 752 706 animi
771 659 952 723 proprii
965 658 1110 722 gratis
1131 666 1213 704 aut
1230 658 1424 722 ingratis
1443 657 1692 705 affectibus
1711 675 1856 723 quam
1871 658 2049 721 judicio
2067 675 2123 707 ac

603 747 791 794 ratione
811 746 1088 804 duceretur,
1111 754 1255 810 atque
1274 746 1337 793 ita
1357 746 1543 811 saepius
1570 746 1618 792 in
1638 763 1851 794 errorem
1874 746 2117 795 incideret.

842 1006 890 1050 2.
930 1017 1205 1049 INSTITUTUM
1241 1016 1383 1048 HUJUS
1417 1016 1575 1048 THESIS
1610 1017 1899 1049 PROPONITUR

673 1190 1021 1240 Accedentibus
1060 1190 1196 1238 nobis
1233 1190 1294 1237 ad
1330 1189 1454 1237 hanc
1495 1189 1908 1255 disceptationem,
1947 1189 1993 1236 id
2025 1198 2128 1238 erat

605 1281 808 1339 consilii,
827 1289 880 1327 ut
895 1297 983 1345 pro
1005 1288 1169 1326 nostro
1189 1278 1386 1326 modulo
1407 1278 1758 1326 declararemus
1779 1295 1900 1343 quae
1915 1279 2124 1327 contine-

602 1377 776 1431 rentur
810 1367 894 1414 illo
933 1366 1111 1425 libello,
1149 1383 1313 1432 quem,
1347 1375 1401 1414 ut
1434 1366 1721 1413 Edwardum
1746 1383 1908 1431 regem
1935 1366 1995 1413 ad
2019 1366 2124 1429 jura

610 1457 1002 1522 procurationum
1055 1455 1569 1521 praeemptionumque
1624 1455 1935 1514 attenuanda,
1982 1455 2144 1516 immo>

611 1545 803 1610 penitus
823 1543 1037 1592 tollenda
1058 1543 1343 1609 impelleret,
1367 1544 1532 1590 Simon
1552 1543 1665 1608 Islip
1685 1544 1982 1608 conscripsit.

674 1637 742 1681 Re
763 1633 958 1698 quidem
978 1649 1107 1690 vera,
1131 1631 1395 1679 nonnullos
1427 1633 1570 1679 etiam
1590 1631 1767 1679 abusus
1783 1633 1830 1678 in
1863 1649 1915 1679 re
1939 1630 2128 1696 publica

607 1721 919 1787 gubernanda
955 1721 1179 1787 patefacit
1208 1720 1431 1779 dicendo,
1456 1737 1577 1785 quos
1607 1721 1784 1786 passim
1814 1729 1863 1767 et
1893 1719 2049 1768 obiter
2078 1720 2127 1766 in

607 1810 1036 1875 reprehensionem
1074 1808 1285 1867 adducit,
1326 1826 1436 1856 cum
1474 1808 1683 1873 exempli
1714 1825 1854 1855 causa
1893 1808 2011 1855 haec
2031 1808 2123 1855 ait:

611 1903 787 1963 Cogita
808 1899 871 1945 de
891 1899 1066 1945 debitis
1087 1901 1182 1944 tuis
1202 1898 1404 1944 diversis
1422 1908 1468 1944 et
1492 1898 1657 1943 multis
1674 1897 1999 1943 creditoribus
2013 1900 2123 1954 tuis,

607 2005 719 2034 cum
745 1987 969 2033 omnibus
995 1988 1191 2033 damnis
1211 1986 1423 2033 eorum'.
1453 1985 1566 2048 Ejus
1585 1986 1713 2033 enim
1743 2002 1900 2032 sermo
1920 2002 1977 2032 ex
2003 1984 2128 2031 mul-

609 2084 766 2123 tarum
794 2076 1099 2122 vexationum
1129 2083 1274 2139 atque
1300 2074 1622 2121 calamitatum
1659 2074 1931 2138 cognitione
1952 2073 1966 2095 ²
1995 2073 2131 2138 quasi

611 2163 866 2211 efflorescit
885 2172 932 2210 et
958 2162 1212 2210 redundat.
1239 2162 1334 2210 Sed
1363 2171 1543 2220 tamen,
1585 2162 1642 2208 ad
1675 2162 2130 2209 commentationem

612 2256 1026 2298 Procuratc'onum
1046 2259 1094 2298 et
1113 2252 1555 2314 Praeemptionum
1580 2267 1701 2315 opus
1733 2258 1951 2318 nostrum
1971 2266 2126 2297 coarc-

610 2339 810 2386 tandum
842 2356 947 2386 esse
977 2339 1365 2386 existimavimus.
1398 2342 1535 2396 Nam,
1574 2339 1622 2384 in
1656 2322 1987 2401 hujuscemodi
2017 2354 2127 2385 con-

611 2426 945 2474 suetudinibus
994 2427 1347 2492 impugnandis,
1395 2427 1638 2491 scriptoris
1683 2426 1834 2473 oratio
1874 2427 2129 2492 praecipue

609 2523 844 2563 versatur.
879 2514 1004 2563 Nihil
1033 2515 1161 2561 enim
1194 2514 1260 2561 illi
1293 2515 1451 2579 potius
1480 2523 1552 2561 est
1576 2531 1720 2579 quam
1749 2522 1800 2561 ut
1826 2530 1986 2578 regem
2023 2530 2130 2562 cer·-

610 2605 782 2651 tiorem
824 2601 963 2650 faciat
1015 2602 1075 2649 de
1113 2611 1184 2650 tot
1234 2611 1282 2649 et
1327 2603 1471 2649 tantis
1517 2602 1699 2665 injuriis
1742 2619 1885 2666 quae,
1935 2603 2130 2650 nomine

609 2690 823 2755 quidem,
863 2690 1084 2738 dicantur
1124 2692 1524 2748 Procurationes,
1568 2707 1619 2737 re
1653 2699 1812 2737 autem
1850 2691 1945 2737 sint
1983 2689 2124 2738 furta.

610 2772 772 2826 Talem
805 2795 908 2826 esse
946 2796 1090 2844 supra
1133 2779 1493 2826 commemorati
1524 2777 1670 2825 libelli
1706 2779 1799 2825 vim
1842 2778 2126 2842 peculiarem

610 2874 659 2912 et
692 2874 926 2923 tenorem,
970 2867 1184 2912 unanimi
1217 2882 1454 2913 consensu
1500 2866 1887 2913 animadvertunt
1935 2866 1997 2913 cl.
2043 2866 2130 2912 viri

666 3087 702 3122 1.
734 3086 779 3122 In
800 3084 1019 3123 recensione
1042 3083 1259 3131 Bodleiana,
1283 3086 1324 3135 ἓξ
1343 3086 1414 3130 ΧΙ,
1437 3086 1541 3128 xlv.
1565 3085 1667 3131 XLI,
1691 3091 1762 3124 etc.

663 3144 701 3183 2.
733 3142 851 3192 lbid„
876 3144 895 3193 ξ
916 3145 1018 3183 XLI.
1636 3167 1642 3171 -
