<?xml version="1.0" encoding="UTF-8"?>
<!DOCTYPE html PUBLIC "-//W3C//DTD XHTML 1.0 Transitional//EN"
    "http://www.w3.org/TR/xhtml1/DTD/xhtml1-transitional.dtd">
<html xmlns="http://www.w3.org/1999/xhtml" xml:lang="en" lang="en">
 <head>
  <title>
</title>
<meta http-equiv="Content-Type" content="text/html;charset=utf-8" />
  <meta name='ocr-system' content='tesseract 3.04.00' />
  <meta name='ocr-capabilities' content='ocr_page ocr_carea ocr_par ocr_line ocrx_word'/>
</head>
<body>
  <div class='ocr_page' id='page_1' title='image "./despeculoregised00isliuoft_0015.png"; bbox 0 0 2444 3750; ppageno 0'>
   <div class='ocr_carea' id='block_1_1' title="bbox 1024 370 1210 410">
    <p class='ocr_par' dir='ltr' id='par_1_1' title="bbox 1024 370 1210 410">
     <span class='ocr_line' id='line_1_1' title="bbox 1024 370 1210 410; baseline -0.005 -9"><span class='ocrx_word' id='word_1_1' title='bbox 1024 370 1210 410; x_wconf 76' lang='lat'>—5..=</span> 
     </span>
    </p>
   </div>
   <div class='ocr_carea' id='block_1_2' title="bbox 350 487 1879 731">
    <p class='ocr_par' dir='ltr' id='par_1_2' title="bbox 350 487 1879 731">
     <span class='ocr_line' id='line_1_2' title="bbox 417 487 1877 553; baseline 0 -17"><span class='ocrx_word' id='word_1_2' title='bbox 417 489 473 536; x_wconf 94' lang='lat' dir='ltr'>Ni</span> <span class='ocrx_word' id='word_1_3' title='bbox 491 487 649 547; x_wconf 86' lang='lat' dir='ltr'>fallor,</span> <span class='ocrx_word' id='word_1_4' title='bbox 668 487 941 551; x_wconf 90' lang='lat' dir='ltr'>hujusmodi</span> <span class='ocrx_word' id='word_1_5' title='bbox 962 488 1286 536; x_wconf 85' lang='lat' dir='ltr'>testimonium</span> <span class='ocrx_word' id='word_1_6' title='bbox 1305 489 1416 535; x_wconf 88' lang='lat' dir='ltr'>satis</span> <span class='ocrx_word' id='word_1_7' title='bbox 1447 488 1708 553; x_wconf 80' lang='lat' dir='ltr'><strong>respondet</strong></span> <span class='ocrx_word' id='word_1_8' title='bbox 1735 505 1877 553; x_wconf 87' lang='lat' dir='ltr'>quae·</span> 
     </span>
     <span class='ocr_line' id='line_1_3' title="bbox 352 576 1879 642; baseline 0.001 -19"><span class='ocrx_word' id='word_1_9' title='bbox 352 576 571 623; x_wconf 90' lang='lat' dir='ltr'>rentibus</span> <span class='ocrx_word' id='word_1_10' title='bbox 611 576 817 624; x_wconf 88' lang='lat' dir='ltr'>fueritne</span> <span class='ocrx_word' id='word_1_11' title='bbox 844 578 1008 624; x_wconf 89' lang='lat' dir='ltr'>Simon</span> <span class='ocrx_word' id='word_1_12' title='bbox 1040 576 1153 642; x_wconf 90' lang='lat' dir='ltr'>Islip</span> <span class='ocrx_word' id='word_1_13' title='bbox 1179 578 1228 623; x_wconf 91' lang='lat' dir='ltr'>in</span> <span class='ocrx_word' id='word_1_14' title='bbox 1255 594 1311 624; x_wconf 84' lang='lat' dir='ltr'>ea</span> <span class='ocrx_word' id='word_1_15' title='bbox 1337 576 1630 636; x_wconf 88' lang='lat' dir='ltr'>conditione,</span> <span class='ocrx_word' id='word_1_16' title='bbox 1669 586 1723 624; x_wconf 89' lang='lat' dir='ltr'>ut</span> <span class='ocrx_word' id='word_1_17' title='bbox 1751 577 1879 625; x_wconf 88' lang='lat' dir='ltr'>clare</span> 
     </span>
     <span class='ocr_line' id='line_1_4' title="bbox 350 664 1878 731; baseline 0.002 -21"><span class='ocrx_word' id='word_1_18' title='bbox 350 681 427 711; x_wconf 88' lang='lat' dir='ltr'>res</span> <span class='ocrx_word' id='word_1_19' title='bbox 448 665 497 710; x_wconf 88' lang='lat' dir='ltr'>in</span> <span class='ocrx_word' id='word_1_20' title='bbox 527 664 692 730; x_wconf 84' lang='lat' dir='ltr'>Anglia</span> <span class='ocrx_word' id='word_1_21' title='bbox 712 673 928 730; x_wconf 81' lang='lat' dir='ltr'>peractas</span> <span class='ocrx_word' id='word_1_22' title='bbox 947 666 1255 730; x_wconf 79' lang='lat' dir='ltr'>perspiceret,</span> <span class='ocrx_word' id='word_1_23' title='bbox 1281 666 1694 731; x_wconf 87' lang='lat' dir='ltr'>impugnaveritne</span> <span class='ocrx_word' id='word_1_24' title='bbox 1713 683 1878 731; x_wconf 86' lang='lat' dir='ltr'>regem</span> 
     </span>
    </p>
   </div>
   <div class='ocr_carea' id='block_1_3' title="bbox 347 912 1878 2439">
    <p class='ocr_par' dir='ltr' id='par_1_3' title="bbox 348 912 1878 1794">
     <span class='ocr_line' id='line_1_5' title="bbox 349 912 1875 966; baseline 0 -14"><span class='ocrx_word' id='word_1_25' title='bbox 349 913 553 966; x_wconf 84' lang='lat' dir='ltr'>praelatos,</span> <span class='ocrx_word' id='word_1_26' title='bbox 575 912 655 951; x_wconf 91' lang='lat' dir='ltr'>sive</span> <span class='ocrx_word' id='word_1_27' title='bbox 675 913 906 958; x_wconf 80' lang='lat' dir='ltr'>sacerdotes,</span> <span class='ocrx_word' id='word_1_28' title='bbox 929 913 996 963; x_wconf 89' lang='lat' dir='ltr'>qui</span> <span class='ocrx_word' id='word_1_29' title='bbox 1017 913 1119 963; x_wconf 85' lang='lat' dir='ltr'>leges</span> <span class='ocrx_word' id='word_1_30' title='bbox 1137 913 1186 951; x_wconf 90' lang='lat' dir='ltr'>de</span> <span class='ocrx_word' id='word_1_31' title='bbox 1205 912 1419 962; x_wconf 84' lang='lat' dir='ltr'>dirigendis</span> <span class='ocrx_word' id='word_1_32' title='bbox 1439 913 1628 952; x_wconf 84' lang='lat' dir='ltr'>Ecclesiae</span> <span class='ocrx_word' id='word_1_33' title='bbox 1643 914 1758 952; x_wconf 85' lang='lat' dir='ltr'>rebus</span> <span class='ocrx_word' id='word_1_34' title='bbox 1778 914 1875 953; x_wconf 90' lang='lat' dir='ltr'>tule-</span> 
     </span>
     <span class='ocr_line' id='line_1_6' title="bbox 349 971 1877 1023; baseline 0 -12"><span class='ocrx_word' id='word_1_35' title='bbox 349 980 451 1019; x_wconf 86' lang='lat' dir='ltr'>runt,</span> <span class='ocrx_word' id='word_1_36' title='bbox 475 972 661 1022; x_wconf 83' lang='lat' dir='ltr'>insignem</span> <span class='ocrx_word' id='word_1_37' title='bbox 681 972 806 1010; x_wconf 90' lang='lat' dir='ltr'>locum</span> <span class='ocrx_word' id='word_1_38' title='bbox 828 971 959 1010; x_wconf 89' lang='lat' dir='ltr'>Simon</span> <span class='ocrx_word' id='word_1_39' title='bbox 979 972 1069 1023; x_wconf 90' lang='lat' dir='ltr'>Islip</span> <span class='ocrx_word' id='word_1_40' title='bbox 1089 971 1248 1018; x_wconf 90' lang='lat' dir='ltr'>obtinet,</span> <span class='ocrx_word' id='word_1_41' title='bbox 1282 971 1427 1023; x_wconf 90' lang='lat' dir='ltr'>quippe</span> <span class='ocrx_word' id='word_1_42' title='bbox 1447 973 1514 1023; x_wconf 86' lang='lat' dir='ltr'>qui</span> <span class='ocrx_word' id='word_1_43' title='bbox 1534 985 1615 1010; x_wconf 90' lang='lat' dir='ltr'>non·</span> <span class='ocrx_word' id='word_1_44' title='bbox 1632 981 1777 1011; x_wconf 88' lang='lat' dir='ltr'>tantum</span> <span class='ocrx_word' id='word_1_45' title='bbox 1794 973 1877 1012; x_wconf 87' lang='lat' dir='ltr'>exi-</span> 
     </span>
     <span class='ocr_line' id='line_1_7' title="bbox 349 1031 1878 1083; baseline 0.001 -14"><span class='ocrx_word' id='word_1_46' title='bbox 349 1032 437 1078; x_wconf 89' lang='lat' dir='ltr'>mia,</span> <span class='ocrx_word' id='word_1_47' title='bbox 477 1031 829 1083; x_wconf 85' lang='lat' dir='ltr'>sapientissimaque</span> <span class='ocrx_word' id='word_1_48' title='bbox 860 1032 1012 1069; x_wconf 86' lang='lat' dir='ltr'>decreta</span> <span class='ocrx_word' id='word_1_49' title='bbox 1053 1031 1157 1068; x_wconf 84' lang='lat' dir='ltr'>haud</span> <span class='ocrx_word' id='word_1_50' title='bbox 1189 1044 1276 1068; x_wconf 86' lang='lat' dir='ltr'>raro</span> <span class='ocrx_word' id='word_1_51' title='bbox 1311 1031 1623 1082; x_wconf 82' lang='lat' dir='ltr'>promulgaverit,</span> <span class='ocrx_word' id='word_1_52' title='bbox 1658 1033 1725 1070; x_wconf 88' lang='lat' dir='ltr'>sed</span> <span class='ocrx_word' id='word_1_53' title='bbox 1763 1032 1878 1071; x_wconf 88' lang='lat' dir='ltr'>etiam</span> 
     </span>
     <span class='ocr_line' id='line_1_8' title="bbox 349 1090 1877 1142; baseline 0.001 -13"><span class='ocrx_word' id='word_1_54' title='bbox 349 1091 553 1141; x_wconf 85' lang='lat' dir='ltr'>diligenter</span> <span class='ocrx_word' id='word_1_55' title='bbox 571 1090 810 1135; x_wconf 86' lang='lat' dir='ltr'>indicaverit,</span> <span class='ocrx_word' id='word_1_56' title='bbox 834 1090 928 1140; x_wconf 88' lang='lat' dir='ltr'>quid</span> <span class='ocrx_word' id='word_1_57' title='bbox 957 1090 997 1127; x_wconf 92' lang='lat' dir='ltr'>in</span> <span class='ocrx_word' id='word_1_58' title='bbox 1024 1090 1098 1128; x_wconf 91' lang='lat' dir='ltr'>hoc</span> <span class='ocrx_word' id='word_1_59' title='bbox 1128 1090 1189 1128; x_wconf 89' lang='lat' dir='ltr'>vel</span> <span class='ocrx_word' id='word_1_60' title='bbox 1221 1090 1286 1127; x_wconf 92' lang='lat' dir='ltr'>illo</span> <span class='ocrx_word' id='word_1_61' title='bbox 1312 1103 1403 1127; x_wconf 86' lang='lat' dir='ltr'>casu</span> <span class='ocrx_word' id='word_1_62' title='bbox 1431 1092 1641 1140; x_wconf 88' lang='lat' dir='ltr'>gerendum</span> <span class='ocrx_word' id='word_1_63' title='bbox 1667 1099 1777 1137; x_wconf 79' lang='lat' dir='ltr'>esset,</span> <span class='ocrx_word' id='word_1_64' title='bbox 1798 1105 1877 1142; x_wconf 92' lang='lat' dir='ltr'>quo</span> 
     </span>
     <span class='ocr_line' id='line_1_9' title="bbox 349 1148 1877 1202; baseline 0.001 -14"><span class='ocrx_word' id='word_1_65' title='bbox 349 1158 462 1202; x_wconf 86' lang='lat' dir='ltr'>pacto</span> <span class='ocrx_word' id='word_1_66' title='bbox 491 1149 576 1188; x_wconf 89' lang='lat' dir='ltr'>talis</span> <span class='ocrx_word' id='word_1_67' title='bbox 606 1157 671 1187; x_wconf 89' lang='lat' dir='ltr'>aut</span> <span class='ocrx_word' id='word_1_68' title='bbox 706 1149 789 1187; x_wconf 90' lang='lat' dir='ltr'>talis</span> <span class='ocrx_word' id='word_1_69' title='bbox 816 1148 902 1186; x_wconf 78' lang='lat' dir='ltr'>finis</span> <span class='ocrx_word' id='word_1_70' title='bbox 931 1149 1067 1187; x_wconf 91' lang='lat' dir='ltr'>melius</span> <span class='ocrx_word' id='word_1_71' title='bbox 1104 1149 1368 1199; x_wconf 85' lang='lat' dir='ltr'>attingeretur.</span> <span class='ocrx_word' id='word_1_72' title='bbox 1399 1151 1443 1186; x_wconf 93' lang='lat' dir='ltr'>In</span> <span class='ocrx_word' id='word_1_73' title='bbox 1473 1149 1649 1200; x_wconf 88' lang='lat' dir='ltr'>pluribus</span> <span class='ocrx_word' id='word_1_74' title='bbox 1677 1150 1877 1189; x_wconf 89' lang='lat' dir='ltr'>codicibus</span> 
     </span>
     <span class='ocr_line' id='line_1_10' title="bbox 350 1207 1877 1261; baseline -0.001 -14"><span class='ocrx_word' id='word_1_75' title='bbox 350 1217 499 1247; x_wconf 85' lang='lat' dir='ltr'>exstant</span> <span class='ocrx_word' id='word_1_76' title='bbox 519 1208 807 1246; x_wconf 88' lang='lat' dir='ltr'>constitutiones</span> <span class='ocrx_word' id='word_1_77' title='bbox 825 1207 989 1246; x_wconf 88' lang='lat' dir='ltr'>Simonis</span> <span class='ocrx_word' id='word_1_78' title='bbox 1005 1208 1096 1259; x_wconf 90' lang='lat' dir='ltr'>Islip</span> <span class='ocrx_word' id='word_1_79' title='bbox 1114 1223 1122 1246; x_wconf 87' lang='lat'>:</span> <span class='ocrx_word' id='word_1_80' title='bbox 1149 1221 1196 1246; x_wconf 83' lang='lat' dir='ltr'>ex</span> <span class='ocrx_word' id='word_1_81' title='bbox 1226 1208 1424 1246; x_wconf 88' lang='lat' dir='ltr'>codicibus</span> <span class='ocrx_word' id='word_1_82' title='bbox 1448 1209 1717 1261; x_wconf 87' lang='lat' dir='ltr'>manuscriptis</span> <span class='ocrx_word' id='word_1_83' title='bbox 1734 1210 1877 1246; x_wconf 79' lang='lat' dir='ltr'>Jolean-</span> 
     </span>
     <span class='ocr_line' id='line_1_11' title="bbox 349 1267 1873 1318; baseline 0.001 -13"><span class='ocrx_word' id='word_1_84' title='bbox 349 1270 410 1305; x_wconf 84' lang='lat' dir='ltr'>nis</span> <span class='ocrx_word' id='word_1_85' title='bbox 435 1269 541 1305; x_wconf 88' lang='lat' dir='ltr'>Mori</span> <span class='ocrx_word' id='word_1_86' title='bbox 562 1269 733 1318; x_wconf 79' lang='lat' dir='ltr'>episcopi</span> <span class='ocrx_word' id='word_1_87' title='bbox 763 1269 1031 1313; x_wconf 73' lang='lat' dir='ltr'>waicensis,</span> <span class='ocrx_word' id='word_1_88' title='bbox 1065 1271 1107 1304; x_wconf 88' lang='lat' dir='ltr'>n⁰</span> <span class='ocrx_word' id='word_1_89' title='bbox 1141 1268 1258 1314; x_wconf 87' lang='lat'><strong>9421,</strong></span> <span class='ocrx_word' id='word_1_90' title='bbox 1295 1282 1312 1302; x_wconf 86' lang='lat'>«</span> <span class='ocrx_word' id='word_1_91' title='bbox 1349 1267 1647 1306; x_wconf 88' lang='lat' dir='ltr'>Constitutiones</span> <span class='ocrx_word' id='word_1_92' title='bbox 1674 1267 1873 1316; x_wconf 88' lang='lat' dir='ltr'>Bonifacii,</span> 
     </span>
     <span class='ocr_line' id='line_1_12' title="bbox 349 1325 1875 1378; baseline -0.001 -13"><span class='ocrx_word' id='word_1_93' title='bbox 349 1327 548 1373; x_wconf 83' lang='lat' dir='ltr'>Peccharn,</span> <span class='ocrx_word' id='word_1_94' title='bbox 579 1327 720 1378; x_wconf 89' lang='lat' dir='ltr'>Islip...</span> <span class='ocrx_word' id='word_1_95' title='bbox 756 1325 952 1377; x_wconf 74' lang='lat' dir='ltr'>(catalogi</span> <span class='ocrx_word' id='word_1_96' title='bbox 973 1326 1171 1363; x_wconf 84' lang='lat' dir='ltr'>Librorum</span> <span class='ocrx_word' id='word_1_97' title='bbox 1192 1327 1545 1376; x_wconf 80' lang='lat' dir='ltr'>manuscriptorum</span> <span class='ocrx_word' id='word_1_98' title='bbox 1565 1328 1733 1377; x_wconf 78' lang='lat' dir='ltr'>Angliae</span> <span class='ocrx_word' id='word_1_99' title='bbox 1752 1336 1792 1364; x_wconf 83' lang='lat' dir='ltr'>et</span> <span class='ocrx_word' id='word_1_100' title='bbox 1808 1329 1875 1364; x_wconf 87' lang='lat' dir='ltr'>Hi-</span> 
     </span>
     <span class='ocr_line' id='line_1_13' title="bbox 350 1385 1873 1436; baseline 0.001 -13"><span class='ocrx_word' id='word_1_101' title='bbox 350 1386 506 1423; x_wconf 87' lang='lat' dir='ltr'>berniae</span> <span class='ocrx_word' id='word_1_102' title='bbox 526 1388 566 1423; x_wconf 87' lang='lat' dir='ltr'>in</span> <span class='ocrx_word' id='word_1_103' title='bbox 592 1400 707 1423; x_wconf 89' lang='lat' dir='ltr'>unum</span> <span class='ocrx_word' id='word_1_104' title='bbox 732 1387 880 1423; x_wconf 80' lang='lat' dir='ltr'>collecti</span> <span class='ocrx_word' id='word_1_105' title='bbox 906 1399 991 1423; x_wconf 88' lang='lat' dir='ltr'>cum</span> <span class='ocrx_word' id='word_1_106' title='bbox 1017 1386 1146 1422; x_wconf 87' lang='lat' dir='ltr'>indice</span> <span class='ocrx_word' id='word_1_107' title='bbox 1173 1385 1430 1436; x_wconf 79' lang='lat' dir='ltr'>alphabetico,</span> <span class='ocrx_word' id='word_1_108' title='bbox 1460 1386 1646 1432; x_wconf 85' lang='lat' dir='ltr'>Oxoniae,</span> <span class='ocrx_word' id='word_1_109' title='bbox 1671 1399 1733 1425; x_wconf 89' lang='lat' dir='ltr'>an.</span> <span class='ocrx_word' id='word_1_110' title='bbox 1757 1389 1873 1425; x_wconf 89' lang='lat' dir='ltr'>Dom.</span> 
     </span>
     <span class='ocr_line' id='line_1_14' title="bbox 349 1443 1872 1495; baseline 0 -11"><span class='ocrx_word' id='word_1_111' title='bbox 349 1447 643 1495; x_wconf 87' lang='lat' dir='ltr'><strong>MDCXCVII);</strong></span> <span class='ocrx_word' id='word_1_112' title='bbox 672 1467 723 1474; x_wconf 90' lang='lat'>—</span> <span class='ocrx_word' id='word_1_113' title='bbox 747 1446 1038 1490; x_wconf 76' lang='lat' dir='ltr'>AshmoleanuS,</span> <span class='ocrx_word' id='word_1_114' title='bbox 1065 1446 1181 1490; x_wconf 80' lang='lat'><strong>1125,</strong></span> <span class='ocrx_word' id='word_1_115' title='bbox 1205 1444 1269 1483; x_wconf 89' lang='lat' dir='ltr'>fol.</span> <span class='ocrx_word' id='word_1_116' title='bbox 1294 1443 1452 1490; x_wconf 72' lang='lat' dir='ltr'><strong>ssoh-4,</strong></span> <span class='ocrx_word' id='word_1_117' title='bbox 1478 1447 1570 1491; x_wconf 87' lang='grc'><strong>117,</strong></span> <span class='ocrx_word' id='word_1_118' title='bbox 1597 1447 1684 1485; x_wconf 86' lang='grc'><strong>120.</strong></span> <span class='ocrx_word' id='word_1_119' title='bbox 1716 1468 1769 1474; x_wconf 90' lang='lat'>—-</span> <span class='ocrx_word' id='word_1_120' title='bbox 1794 1446 1872 1494; x_wconf 65' lang='lat' dir='ltr'>Id„</span> 
     </span>
     <span class='ocr_line' id='line_1_15' title="bbox 349 1503 1872 1556; baseline 0.001 -14"><span class='ocrx_word' id='word_1_121' title='bbox 349 1507 465 1549; x_wconf 89' lang='lat'><strong>1146,</strong></span> <span class='ocrx_word' id='word_1_122' title='bbox 505 1504 568 1544; x_wconf 90' lang='lat' dir='ltr'>fol.</span> <span class='ocrx_word' id='word_1_123' title='bbox 605 1506 669 1550; x_wconf 91' lang='lat'><strong>96,</strong></span> <span class='ocrx_word' id='word_1_124' title='bbox 705 1506 768 1544; x_wconf 86' lang='lat'>97.</span> <span class='ocrx_word' id='word_1_125' title='bbox 803 1527 855 1532; x_wconf 93' lang='lat'>—</span> <span class='ocrx_word' id='word_1_126' title='bbox 890 1506 1237 1549; x_wconf 71' lang='lat' dir='ltr'>Rawli&#39;nsonianus‚</span> <span class='ocrx_word' id='word_1_127' title='bbox 1272 1506 1315 1549; x_wconf 89' lang='lat' dir='ltr'><strong>C,</strong></span> <span class='ocrx_word' id='word_1_128' title='bbox 1351 1505 1440 1549; x_wconf 92' lang='grc'><strong>100,</strong></span> <span class='ocrx_word' id='word_1_129' title='bbox 1468 1504 1534 1542; x_wconf 92' lang='lat' dir='ltr'>fol.</span> <span class='ocrx_word' id='word_1_130' title='bbox 1567 1505 1640 1542; x_wconf 92' lang='lat'><strong>144</strong></span> <span class='ocrx_word' id='word_1_131' title='bbox 1668 1503 1872 1556; x_wconf 83' lang='lat' dir='ltr'>(Wilkins,</span> 
     </span>
     <span class='ocr_line' id='line_1_16' title="bbox 352 1562 1877 1614; baseline 0.001 -14"><span class='ocrx_word' id='word_1_132' title='bbox 352 1565 520 1601; x_wconf 85' lang='lat' dir='ltr'>Coneilia</span> <span class='ocrx_word' id='word_1_133' title='bbox 538 1567 708 1613; x_wconf 81' lang='lat' dir='ltr'>Magnae</span> <span class='ocrx_word' id='word_1_134' title='bbox 738 1565 963 1600; x_wconf 76' lang='lat' dir='ltr'>Britanniae</span> <span class='ocrx_word' id='word_1_135' title='bbox 992 1573 1031 1600; x_wconf 81' lang='lat' dir='ltr'>et</span> <span class='ocrx_word' id='word_1_136' title='bbox 1054 1562 1278 1610; x_wconf 80' lang='lat' dir='ltr'>Hiberniae,</span> <span class='ocrx_word' id='word_1_137' title='bbox 1310 1570 1338 1602; x_wconf 89' lang='lat' dir='ltr'>t.</span> <span class='ocrx_word' id='word_1_138' title='bbox 1364 1564 1436 1613; x_wconf 84' lang='grc' dir='ltr'><strong>ΙΙΙ,</strong></span> <span class='ocrx_word' id='word_1_139' title='bbox 1457 1576 1525 1614; x_wconf 91' lang='lat' dir='ltr'>pp.</span> <span class='ocrx_word' id='word_1_140' title='bbox 1557 1562 1605 1602; x_wconf 87' lang='lat'>50</span> <span class='ocrx_word' id='word_1_141' title='bbox 1635 1570 1672 1601; x_wconf 84' lang='lat' dir='ltr'>et</span> <span class='ocrx_word' id='word_1_142' title='bbox 1702 1565 1791 1603; x_wconf 87' lang='grc'><strong>495.</strong></span> <span class='ocrx_word' id='word_1_143' title='bbox 1823 1587 1877 1593; x_wconf 86' lang='grc'><strong>-</strong></span> 
     </span>
     <span class='ocr_line' id='line_1_17' title="bbox 348 1622 1875 1673; baseline -0.001 -12"><span class='ocrx_word' id='word_1_144' title='bbox 348 1622 540 1673; x_wconf 86' lang='lat' dir='ltr'>Spelman,</span> <span class='ocrx_word' id='word_1_145' title='bbox 564 1623 734 1660; x_wconf 77' lang='lat' dir='ltr'>Councils</span> <span class='ocrx_word' id='word_1_146' title='bbox 760 1623 843 1659; x_wconf 83' lang='lat' dir='ltr'>and</span> <span class='ocrx_word' id='word_1_147' title='bbox 863 1624 1146 1660; x_wconf 77' lang='lat' dir='ltr'>ecclesiastical</span> <span class='ocrx_word' id='word_1_148' title='bbox 1163 1622 1384 1659; x_wconf 48' lang='lat' dir='ltr'>documento·</span> <span class='ocrx_word' id='word_1_149' title='bbox 1403 1623 1576 1672; x_wconf 79' lang='lat' dir='ltr'>relating</span> <span class='ocrx_word' id='word_1_150' title='bbox 1589 1631 1624 1658; x_wconf 85' lang='lat' dir='ltr'>to</span> <span class='ocrx_word' id='word_1_151' title='bbox 1648 1627 1769 1660; x_wconf 86' lang='lat' dir='ltr'>Great</span> <span class='ocrx_word' id='word_1_152' title='bbox 1784 1625 1875 1661; x_wconf 82' lang='lat' dir='ltr'>Bri-</span> 
     </span>
     <span class='ocr_line' id='line_1_18' title="bbox 350 1681 1872 1730; baseline 0.001 -12"><span class='ocrx_word' id='word_1_153' title='bbox 350 1683 431 1718; x_wconf 85' lang='lat' dir='ltr'>tain</span> <span class='ocrx_word' id='word_1_154' title='bbox 451 1683 534 1718; x_wconf 87' lang='lat' dir='ltr'>and</span> <span class='ocrx_word' id='word_1_155' title='bbox 554 1682 725 1729; x_wconf 84' lang='lat' dir='ltr'>Ireland,</span> <span class='ocrx_word' id='word_1_156' title='bbox 757 1682 797 1719; x_wconf 90' lang='lat' dir='ltr'>in</span> <span class='ocrx_word' id='word_1_157' title='bbox 827 1682 950 1720; x_wconf 92' lang='lat' dir='ltr'>lucem</span> <span class='ocrx_word' id='word_1_158' title='bbox 977 1682 1071 1720; x_wconf 91' lang='lat' dir='ltr'>edit.</span> <span class='ocrx_word' id='word_1_159' title='bbox 1100 1695 1122 1719; x_wconf 91' lang='lat' dir='ltr'>a</span> <span class='ocrx_word' id='word_1_160' title='bbox 1145 1683 1211 1720; x_wconf 90' lang='lat' dir='ltr'>W.</span> <span class='ocrx_word' id='word_1_161' title='bbox 1237 1681 1404 1718; x_wconf 87' lang='lat' dir='ltr'>Haddan</span> <span class='ocrx_word' id='word_1_162' title='bbox 1428 1688 1465 1719; x_wconf 89' lang='lat' dir='ltr'>et</span> <span class='ocrx_word' id='word_1_163' title='bbox 1486 1682 1551 1720; x_wconf 94' lang='lat' dir='ltr'>W.</span> <span class='ocrx_word' id='word_1_164' title='bbox 1580 1681 1734 1729; x_wconf 42' lang='lat' dir='ltr'>stubba</span> <span class='ocrx_word' id='word_1_165' title='bbox 1768 1689 1795 1720; x_wconf 92' lang='lat' dir='ltr'>t.</span> <span class='ocrx_word' id='word_1_166' title='bbox 1820 1683 1872 1730; x_wconf 89' lang='grc' dir='ltr'>ΙΙ,</span> 
     </span>
     <span class='ocr_line' id='line_1_19' title="bbox 348 1740 894 1794; baseline 0.004 -16"><span class='ocrx_word' id='word_1_167' title='bbox 348 1753 416 1792; x_wconf 89' lang='lat' dir='ltr'>pp.</span> <span class='ocrx_word' id='word_1_168' title='bbox 439 1742 528 1786; x_wconf 91' lang='lat'><strong>500,</strong></span> <span class='ocrx_word' id='word_1_169' title='bbox 555 1742 644 1784; x_wconf 83' lang='grc'><strong>590,</strong></span> <span class='ocrx_word' id='word_1_170' title='bbox 674 1742 764 1789; x_wconf 87' lang='grc'><strong>610,</strong></span> <span class='ocrx_word' id='word_1_171' title='bbox 787 1740 894 1794; x_wconf 66' lang='lat' dir='ltr'>ete).</span> 
     </span>
    </p>

    <p class='ocr_par' dir='ltr' id='par_1_4' title="bbox 347 1797 1878 2028">
     <span class='ocr_line' id='line_1_20' title="bbox 402 1797 1878 1851; baseline -0.001 -13"><span class='ocrx_word' id='word_1_172' title='bbox 402 1799 458 1838; x_wconf 87' lang='lat' dir='ltr'>Cf.</span> <span class='ocrx_word' id='word_1_173' title='bbox 481 1800 691 1851; x_wconf 74' lang='lat' dir='ltr'>Appendix</span> <span class='ocrx_word' id='word_1_174' title='bbox 711 1809 745 1837; x_wconf 90' lang='lat' dir='ltr'>to</span> <span class='ocrx_word' id='word_1_175' title='bbox 760 1798 859 1849; x_wconf 81' lang='lat' dir='ltr'>fifth</span> <span class='ocrx_word' id='word_1_176' title='bbox 880 1808 1011 1851; x_wconf 82' lang='lat' dir='ltr'>report</span> <span class='ocrx_word' id='word_1_177' title='bbox 1033 1797 1080 1849; x_wconf 86' lang='lat' dir='ltr'>of</span> <span class='ocrx_word' id='word_1_178' title='bbox 1103 1800 1163 1836; x_wconf 82' lang='lat' dir='ltr'>the</span> <span class='ocrx_word' id='word_1_179' title='bbox 1183 1802 1298 1846; x_wconf 81' lang='lat' dir='ltr'>royal</span> <span class='ocrx_word' id='word_1_180' title='bbox 1329 1800 1573 1836; x_wconf 79' lang='lat' dir='ltr'>Commission</span> <span class='ocrx_word' id='word_1_181' title='bbox 1593 1813 1639 1836; x_wconf 91' lang='lat' dir='ltr'>on</span> <span class='ocrx_word' id='word_1_182' title='bbox 1671 1800 1878 1838; x_wconf 82' lang='lat' dir='ltr'>lzistorical</span> 
     </span>
     <span class='ocr_line' id='line_1_21' title="bbox 348 1857 1871 1910; baseline 0.001 -15"><span class='ocrx_word' id='word_1_183' title='bbox 348 1860 618 1909; x_wconf 77' lang='lat' dir='ltr'>manuscripts,</span> <span class='ocrx_word' id='word_1_184' title='bbox 657 1873 695 1910; x_wconf 93' lang='lat' dir='ltr'>p.</span> <span class='ocrx_word' id='word_1_185' title='bbox 741 1861 815 1898; x_wconf 88' lang='lat'>433</span> <span class='ocrx_word' id='word_1_186' title='bbox 853 1867 890 1897; x_wconf 85' lang='lat' dir='ltr'>et</span> <span class='ocrx_word' id='word_1_187' title='bbox 921 1872 1028 1910; x_wconf 87' lang='lat' dir='ltr'>seqq.</span> <span class='ocrx_word' id='word_1_188' title='bbox 1073 1859 1121 1896; x_wconf 91' lang='lat' dir='ltr'>de</span> <span class='ocrx_word' id='word_1_189' title='bbox 1155 1857 1338 1895; x_wconf 82' lang='lat' dir='ltr'>archiviis</span> <span class='ocrx_word' id='word_1_190' title='bbox 1375 1857 1532 1909; x_wconf 86' lang='lat' dir='ltr'>capituli</span> <span class='ocrx_word' id='word_1_191' title='bbox 1573 1858 1871 1897; x_wconf 84' lang='lat' dir='ltr'>Cantuariensis.</span> 
     </span>
     <span class='ocr_line' id='line_1_22' title="bbox 349 1916 1875 1970; baseline -0.001 -14"><span class='ocrx_word' id='word_1_192' title='bbox 349 1917 526 1968; x_wconf 88' lang='lat' dir='ltr'>Cupienti</span> <span class='ocrx_word' id='word_1_193' title='bbox 547 1931 636 1956; x_wconf 88' lang='lat' dir='ltr'>vero</span> <span class='ocrx_word' id='word_1_194' title='bbox 669 1919 777 1970; x_wconf 86' lang='lat' dir='ltr'>plura</span> <span class='ocrx_word' id='word_1_195' title='bbox 797 1931 1026 1968; x_wconf 87' lang='lat' dir='ltr'>cognoscere</span> <span class='ocrx_word' id='word_1_196' title='bbox 1051 1919 1100 1956; x_wconf 91' lang='lat' dir='ltr'>de</span> <span class='ocrx_word' id='word_1_197' title='bbox 1129 1916 1294 1955; x_wconf 87' lang='lat' dir='ltr'>Simonis</span> <span class='ocrx_word' id='word_1_198' title='bbox 1326 1917 1418 1969; x_wconf 89' lang='lat' dir='ltr'>Islip</span> <span class='ocrx_word' id='word_1_199' title='bbox 1447 1917 1525 1955; x_wconf 91' lang='lat' dir='ltr'>vita</span> <span class='ocrx_word' id='word_1_200' title='bbox 1548 1924 1585 1956; x_wconf 90' lang='lat' dir='ltr'>et</span> <span class='ocrx_word' id='word_1_201' title='bbox 1612 1917 1807 1969; x_wconf 89' lang='lat' dir='ltr'>operibus,</span> <span class='ocrx_word' id='word_1_202' title='bbox 1833 1916 1875 1955; x_wconf 91' lang='lat' dir='ltr'>hi</span> 
     </span>
     <span class='ocr_line' id='line_1_23' title="bbox 347 1976 1119 2028; baseline -0.003 -14"><span class='ocrx_word' id='word_1_203' title='bbox 347 1976 545 2028; x_wconf 87' lang='lat' dir='ltr'>praecipui</span> <span class='ocrx_word' id='word_1_204' title='bbox 565 1977 685 2015; x_wconf 83' lang='lat' dir='ltr'>fontes</span> <span class='ocrx_word' id='word_1_205' title='bbox 705 1978 919 2015; x_wconf 87' lang='lat' dir='ltr'>enumerari</span> <span class='ocrx_word' id='word_1_206' title='bbox 939 1984 1119 2028; x_wconf 86' lang='lat' dir='ltr'>possunt:</span> 
     </span>
    </p>

    <p class='ocr_par' dir='ltr' id='par_1_5' title="bbox 348 2034 1874 2265">
     <span class='ocr_line' id='line_1_24' title="bbox 402 2034 1874 2088; baseline -0.001 -15"><span class='ocrx_word' id='word_1_207' title='bbox 402 2049 437 2073; x_wconf 89' lang='lat' dir='ltr'>a.</span> <span class='ocrx_word' id='word_1_208' title='bbox 460 2058 511 2064; x_wconf 98' lang='lat'><strong>—</strong></span> <span class='ocrx_word' id='word_1_209' title='bbox 535 2037 661 2074; x_wconf 80' lang='lat' dir='ltr'>Codex</span> <span class='ocrx_word' id='word_1_210' title='bbox 680 2038 890 2074; x_wconf 72' lang='lat' dir='ltr'>addititius</span> <span class='ocrx_word' id='word_1_211' title='bbox 912 2038 1030 2082; x_wconf 88' lang='lat'><strong>6112,</strong></span> <span class='ocrx_word' id='word_1_212' title='bbox 1054 2036 1119 2074; x_wconf 88' lang='lat' dir='ltr'>fol.</span> <span class='ocrx_word' id='word_1_213' title='bbox 1142 2037 1191 2075; x_wconf 89' lang='lat'>26</span> <span class='ocrx_word' id='word_1_214' title='bbox 1215 2035 1271 2088; x_wconf 90' lang='lat' dir='ltr'>(in</span> <span class='ocrx_word' id='word_1_215' title='bbox 1299 2038 1455 2074; x_wconf 87' lang='lat' dir='ltr'>Musaeo</span> <span class='ocrx_word' id='word_1_216' title='bbox 1483 2034 1734 2087; x_wconf 84' lang='lat' dir='ltr'>Britannico).</span> <span class='ocrx_word' id='word_1_217' title='bbox 1762 2037 1874 2074; x_wconf 89' lang='lat' dir='ltr'>Some</span> 
     </span>
     <span class='ocr_line' id='line_1_25' title="bbox 349 2094 1874 2147; baseline 0 -15"><span class='ocrx_word' id='word_1_218' title='bbox 349 2102 510 2132; x_wconf 90' lang='lat' dir='ltr'>account</span> <span class='ocrx_word' id='word_1_219' title='bbox 528 2095 570 2133; x_wconf 85' lang='lat' dir='ltr'>of</span> <span class='ocrx_word' id='word_1_220' title='bbox 586 2095 828 2147; x_wconf 89' lang='lat' dir='ltr'>Archbishop</span> <span class='ocrx_word' id='word_1_221' title='bbox 846 2096 935 2147; x_wconf 87' lang='lat' dir='ltr'>Islip</span> <span class='ocrx_word' id='word_1_222' title='bbox 955 2096 1031 2133; x_wconf 87' lang='lat' dir='ltr'>and</span> <span class='ocrx_word' id='word_1_223' title='bbox 1051 2096 1094 2132; x_wconf 87' lang='lat' dir='ltr'>of</span> <span class='ocrx_word' id='word_1_224' title='bbox 1111 2094 1169 2132; x_wconf 88' lang='lat' dir='ltr'>his</span> <span class='ocrx_word' id='word_1_225' title='bbox 1189 2095 1365 2145; x_wconf 86' lang='lat' dir='ltr'>Register</span> <span class='ocrx_word' id='word_1_226' title='bbox 1384 2095 1504 2140; x_wconf 90' lang='lat' dir='ltr'>Book,</span> <span class='ocrx_word' id='word_1_227' title='bbox 1528 2095 1568 2132; x_wconf 90' lang='lat' dir='ltr'>in</span> <span class='ocrx_word' id='word_1_228' title='bbox 1587 2108 1609 2132; x_wconf 88' lang='lat' dir='ltr'>a</span> <span class='ocrx_word' id='word_1_229' title='bbox 1629 2094 1738 2132; x_wconf 88' lang='lat' dir='ltr'>letter</span> <span class='ocrx_word' id='word_1_230' title='bbox 1756 2102 1796 2132; x_wconf 88' lang='lat' dir='ltr'>to</span> <span class='ocrx_word' id='word_1_231' title='bbox 1813 2094 1874 2132; x_wconf 87' lang='lat' dir='ltr'>his</span> 
     </span>
     <span class='ocr_line' id='line_1_26' title="bbox 349 2153 1870 2205; baseline -0.001 -13"><span class='ocrx_word' id='word_1_232' title='bbox 349 2155 471 2192; x_wconf 80' lang='lat' dir='ltr'>Gracc</span> <span class='ocrx_word' id='word_1_233' title='bbox 488 2154 682 2202; x_wconf 89' lang='lat' dir='ltr'>Matthew,</span> <span class='ocrx_word' id='word_1_234' title='bbox 702 2156 803 2192; x_wconf 92' lang='lat' dir='ltr'>Lord</span> <span class='ocrx_word' id='word_1_235' title='bbox 818 2155 1064 2205; x_wconf 87' lang='lat' dir='ltr'>Archbishop</span> <span class='ocrx_word' id='word_1_236' title='bbox 1081 2155 1123 2191; x_wconf 85' lang='lat' dir='ltr'>of</span> <span class='ocrx_word' id='word_1_237' title='bbox 1137 2154 1389 2203; x_wconf 87' lang='lat' dir='ltr'>Canterbury,</span> <span class='ocrx_word' id='word_1_238' title='bbox 1409 2154 1458 2203; x_wconf 89' lang='lat' dir='ltr'>by</span> <span class='ocrx_word' id='word_1_239' title='bbox 1473 2154 1575 2193; x_wconf 90' lang='lat' dir='ltr'>And.</span> <span class='ocrx_word' id='word_1_240' title='bbox 1592 2153 1732 2192; x_wconf 89' lang='lat' dir='ltr'>Colbec</span> <span class='ocrx_word' id='word_1_241' title='bbox 1746 2156 1870 2191; x_wconf 87' lang='lat' dir='ltr'>Duca-</span> 
     </span>
     <span class='ocr_line' id='line_1_27' title="bbox 348 2213 1166 2265; baseline 0 -15"><span class='ocrx_word' id='word_1_242' title='bbox 348 2213 417 2252; x_wconf 89' lang='lat' dir='ltr'>rel.</span> <span class='ocrx_word' id='word_1_243' title='bbox 444 2216 606 2251; x_wconf 89' lang='lat' dir='ltr'>Doctors</span> <span class='ocrx_word' id='word_1_244' title='bbox 626 2215 822 2252; x_wconf 87' lang='lat' dir='ltr'>Common.</span> <span class='ocrx_word' id='word_1_245' title='bbox 848 2216 938 2265; x_wconf 90' lang='lat' dir='ltr'>Sept</span> <span class='ocrx_word' id='word_1_246' title='bbox 958 2215 1023 2262; x_wconf 88' lang='lat'><strong>21,</strong></span> <span class='ocrx_word' id='word_1_247' title='bbox 1050 2216 1166 2251; x_wconf 84' lang='lat'><strong>1757.</strong></span> 
     </span>
    </p>

    <p class='ocr_par' dir='ltr' id='par_1_6' title="bbox 347 2271 1872 2383">
     <span class='ocr_line' id='line_1_28' title="bbox 401 2271 1872 2324; baseline 0.001 -14"><span class='ocrx_word' id='word_1_248' title='bbox 401 2272 441 2311; x_wconf 90' lang='lat' dir='ltr'>b.</span> <span class='ocrx_word' id='word_1_249' title='bbox 466 2295 517 2300; x_wconf 91' lang='lat'>—</span> <span class='ocrx_word' id='word_1_250' title='bbox 540 2274 694 2310; x_wconf 76' lang='lat' dir='ltr'>Codices</span> <span class='ocrx_word' id='word_1_251' title='bbox 713 2274 892 2310; x_wconf 77' lang='lat' dir='ltr'>addititii</span> <span class='ocrx_word' id='word_1_252' title='bbox 913 2275 1030 2319; x_wconf 84' lang='lat'><strong>6067,</strong></span> <span class='ocrx_word' id='word_1_253' title='bbox 1058 2274 1175 2320; x_wconf 88' lang='lat'><strong>6068,</strong></span> <span class='ocrx_word' id='word_1_254' title='bbox 1198 2272 1265 2310; x_wconf 89' lang='lat' dir='ltr'>ubi</span> <span class='ocrx_word' id='word_1_255' title='bbox 1284 2271 1480 2310; x_wconf 87' lang='lat' dir='ltr'>invenitur</span> <span class='ocrx_word' id='word_1_256' title='bbox 1499 2271 1770 2324; x_wconf 89' lang='lat' dir='ltr'>compendium</span> <span class='ocrx_word' id='word_1_257' title='bbox 1794 2274 1872 2311; x_wconf 86' lang='lat' dir='ltr'>Re-</span> 
     </span>
     <span class='ocr_line' id='line_1_29' title="bbox 347 2331 750 2383; baseline 0 -14"><span class='ocrx_word' id='word_1_258' title='bbox 347 2331 442 2382; x_wconf 90' lang='lat' dir='ltr'>gesti</span> <span class='ocrx_word' id='word_1_259' title='bbox 464 2331 627 2370; x_wconf 90' lang='lat' dir='ltr'>Simonis</span> <span class='ocrx_word' id='word_1_260' title='bbox 645 2332 750 2383; x_wconf 88' lang='lat' dir='ltr'>Islip.</span> 
     </span>
    </p>

    <p class='ocr_par' dir='ltr' id='par_1_7' title="bbox 402 2390 1416 2439">
     <span class='ocr_line' id='line_1_30' title="bbox 402 2390 1416 2439; baseline -0.001 -11"><span class='ocrx_word' id='word_1_261' title='bbox 402 2403 435 2429; x_wconf 92' lang='lat' dir='ltr'>c.</span> <span class='ocrx_word' id='word_1_262' title='bbox 463 2413 514 2419; x_wconf 93' lang='lat'>—</span> <span class='ocrx_word' id='word_1_263' title='bbox 538 2392 663 2429; x_wconf 78' lang='lat' dir='ltr'>Codex</span> <span class='ocrx_word' id='word_1_264' title='bbox 680 2393 936 2439; x_wconf 86' lang='lat' dir='ltr'>Cottonianus,</span> <span class='ocrx_word' id='word_1_265' title='bbox 956 2393 1118 2428; x_wconf 82' lang='lat' dir='ltr'>JuliusJ</span> <span class='ocrx_word' id='word_1_266' title='bbox 1139 2392 1211 2435; x_wconf 92' lang='lat' dir='ltr'><strong>XI,</strong></span> <span class='ocrx_word' id='word_1_267' title='bbox 1235 2390 1298 2427; x_wconf 89' lang='lat' dir='ltr'>fol.</span> <span class='ocrx_word' id='word_1_268' title='bbox 1321 2391 1416 2428; x_wconf 83' lang='grc'><strong>248.</strong></span> 
     </span>
    </p>
   </div>
   <div class='ocr_carea' id='block_1_4' title="bbox 350 2448 1875 2619">
    <p class='ocr_par' dir='ltr' id='par_1_8' title="bbox 350 2448 1875 2619">
     <span class='ocr_line' id='line_1_31' title="bbox 402 2448 1875 2504; baseline -0.001 -16"><span class='ocrx_word' id='word_1_269' title='bbox 402 2451 442 2489; x_wconf 94' lang='lat' dir='ltr'>d.</span> <span class='ocrx_word' id='word_1_270' title='bbox 466 2472 517 2478; x_wconf 88' lang='lat'>—</span> <span class='ocrx_word' id='word_1_271' title='bbox 543 2449 740 2500; x_wconf 80' lang='lat' dir='ltr'>Regestum</span> <span class='ocrx_word' id='word_1_272' title='bbox 770 2452 936 2488; x_wconf 83' lang='lat' dir='ltr'>Simonis</span> <span class='ocrx_word' id='word_1_273' title='bbox 960 2452 1054 2500; x_wconf 77' lang='lat' dir='ltr'>Islip</span> <span class='ocrx_word' id='word_1_274' title='bbox 1083 2450 1123 2487; x_wconf 90' lang='lat' dir='ltr'>in</span> <span class='ocrx_word' id='word_1_275' title='bbox 1155 2449 1392 2487; x_wconf 87' lang='lat' dir='ltr'>Bibliotheca</span> <span class='ocrx_word' id='word_1_276' title='bbox 1422 2448 1555 2486; x_wconf 87' lang='lat' dir='ltr'>Palatii</span> <span class='ocrx_word' id='word_1_277' title='bbox 1585 2448 1875 2504; x_wconf 83' lang='lat' dir='ltr'>Archiepiscopi</span> 
     </span>
     <span class='ocr_line' id='line_1_32' title="bbox 350 2507 1258 2561; baseline -0.001 -14"><span class='ocrx_word' id='word_1_278' title='bbox 350 2508 644 2554; x_wconf 87' lang='lat' dir='ltr'>Cantuariensis,</span> <span class='ocrx_word' id='word_1_279' title='bbox 666 2509 857 2547; x_wconf 90' lang='lat' dir='ltr'>Londonii</span> <span class='ocrx_word' id='word_1_280' title='bbox 880 2509 1078 2561; x_wconf 88' lang='lat' dir='ltr'>(Lambeth</span> <span class='ocrx_word' id='word_1_281' title='bbox 1093 2507 1258 2560; x_wconf 82' lang='lat' dir='ltr'>Palace).</span> 
     </span>
     <span class='ocr_line' id='line_1_33' title="bbox 403 2566 1870 2619; baseline -0.001 -14"><span class='ocrx_word' id='word_1_282' title='bbox 403 2581 437 2605; x_wconf 89' lang='lat' dir='ltr'>e.</span> <span class='ocrx_word' id='word_1_283' title='bbox 462 2589 513 2596; x_wconf 91' lang='lat'>—</span> <span class='ocrx_word' id='word_1_284' title='bbox 534 2569 686 2606; x_wconf 79' lang='lat' dir='ltr'>Archiv.</span> <span class='ocrx_word' id='word_1_285' title='bbox 709 2570 878 2619; x_wconf 78' lang='lat' dir='ltr'>Capituli</span> <span class='ocrx_word' id='word_1_286' title='bbox 902 2570 1192 2605; x_wconf 74' lang='lat' dir='ltr'>Cantuariensis</span> <span class='ocrx_word' id='word_1_287' title='bbox 1213 2569 1413 2613; x_wconf 77' lang='lat' dir='ltr'>ecclesiae,</span> <span class='ocrx_word' id='word_1_288' title='bbox 1437 2570 1533 2617; x_wconf 86' lang='lat' dir='ltr'>Reg.</span> <span class='ocrx_word' id='word_1_289' title='bbox 1555 2570 1602 2613; x_wconf 90' lang='lat' dir='ltr'>A,</span> <span class='ocrx_word' id='word_1_290' title='bbox 1627 2566 1693 2605; x_wconf 91' lang='lat' dir='ltr'>fol.</span> <span class='ocrx_word' id='word_1_291' title='bbox 1727 2568 1801 2613; x_wconf 84' lang='lat'><strong>15;</strong></span> <span class='ocrx_word' id='word_1_292' title='bbox 1827 2569 1870 2614; x_wconf 87' lang='grc' dir='ltr'>Β,</span> 
     </span>
    </p>
   </div>
   <div class='ocr_carea' id='block_1_5' title="bbox 352 2626 1878 3211">
    <p class='ocr_par' dir='ltr' id='par_1_9' title="bbox 352 2626 1871 2735">
     <span class='ocr_line' id='line_1_34' title="bbox 352 2626 1871 2677; baseline 0.001 -14"><span class='ocrx_word' id='word_1_293' title='bbox 352 2626 416 2663; x_wconf 87' lang='lat' dir='ltr'>fol.</span> <span class='ocrx_word' id='word_1_294' title='bbox 443 2628 488 2664; x_wconf 88' lang='grc'>78</span> <span class='ocrx_word' id='word_1_295' title='bbox 511 2634 547 2664; x_wconf 88' lang='lat' dir='ltr'>et</span> <span class='ocrx_word' id='word_1_296' title='bbox 563 2639 700 2677; x_wconf 88' lang='lat' dir='ltr'>seqq.;</span> <span class='ocrx_word' id='word_1_297' title='bbox 724 2629 766 2673; x_wconf 88' lang='lat' dir='ltr'><strong>E,</strong></span> <span class='ocrx_word' id='word_1_298' title='bbox 787 2627 850 2664; x_wconf 90' lang='lat' dir='ltr'>fol.</span> <span class='ocrx_word' id='word_1_299' title='bbox 875 2629 974 2674; x_wconf 89' lang='grc'><strong>176;</strong></span> <span class='ocrx_word' id='word_1_300' title='bbox 999 2629 1049 2674; x_wconf 91' lang='lat' dir='ltr'>H,</span> <span class='ocrx_word' id='word_1_301' title='bbox 1082 2627 1144 2665; x_wconf 85' lang='lat' dir='ltr'>fol.</span> <span class='ocrx_word' id='word_1_302' title='bbox 1173 2628 1234 2673; x_wconf 89' lang='lat'><strong>14,</strong></span> <span class='ocrx_word' id='word_1_303' title='bbox 1272 2628 1334 2674; x_wconf 88' lang='lat'>38,</span> <span class='ocrx_word' id='word_1_304' title='bbox 1366 2627 1439 2672; x_wconf 78' lang='lat'>403</span> <span class='ocrx_word' id='word_1_305' title='bbox 1462 2628 1507 2674; x_wconf 92' lang='lat' dir='ltr'>L,</span> <span class='ocrx_word' id='word_1_306' title='bbox 1532 2626 1597 2664; x_wconf 89' lang='lat' dir='ltr'>fol.</span> <span class='ocrx_word' id='word_1_307' title='bbox 1626 2627 1691 2675; x_wconf 83' lang='lat'><strong>46,</strong></span> <span class='ocrx_word' id='word_1_308' title='bbox 1718 2627 1783 2674; x_wconf 91' lang='grc'>80,</span> <span class='ocrx_word' id='word_1_309' title='bbox 1808 2628 1871 2673; x_wconf 88' lang='grc'>85,</span> 
     </span>
     <span class='ocr_line' id='line_1_35' title="bbox 352 2685 1048 2735; baseline 0.004 -12"><span class='ocrx_word' id='word_1_310' title='bbox 352 2686 399 2723; x_wconf 90' lang='grc'>88</span> <span class='ocrx_word' id='word_1_311' title='bbox 419 2698 429 2735; x_wconf 88' lang='lat'>;</span> <span class='ocrx_word' id='word_1_312' title='bbox 450 2687 496 2732; x_wconf 93' lang='grc' dir='ltr'>Ο,</span> <span class='ocrx_word' id='word_1_313' title='bbox 520 2685 584 2723; x_wconf 89' lang='lat' dir='ltr'>fol.</span> <span class='ocrx_word' id='word_1_314' title='bbox 609 2687 682 2723; x_wconf 89' lang='lat'><strong>127</strong></span> <span class='ocrx_word' id='word_1_315' title='bbox 705 2702 713 2731; x_wconf 90' lang='lat'>;</span> <span class='ocrx_word' id='word_1_316' title='bbox 736 2689 783 2731; x_wconf 87' lang='lat' dir='ltr'><strong>R,</strong></span> <span class='ocrx_word' id='word_1_317' title='bbox 808 2687 870 2724; x_wconf 91' lang='lat' dir='ltr'>fol.</span> <span class='ocrx_word' id='word_1_318' title='bbox 898 2689 958 2732; x_wconf 89' lang='lat'><strong>19,</strong></span> <span class='ocrx_word' id='word_1_319' title='bbox 984 2689 1048 2726; x_wconf 87' lang='lat'>67.</span> 
     </span>
    </p>

    <p class='ocr_par' dir='ltr' id='par_1_10' title="bbox 406 2744 1801 2797">
     <span class='ocr_line' id='line_1_36' title="bbox 406 2744 1801 2797; baseline 0.001 -16"><span class='ocrx_word' id='word_1_320' title='bbox 406 2744 430 2783; x_wconf 89' lang='lat' dir='ltr'>f.</span> <span class='ocrx_word' id='word_1_321' title='bbox 450 2766 502 2771; x_wconf 97' lang='lat'><strong>—</strong></span> <span class='ocrx_word' id='word_1_322' title='bbox 519 2745 815 2797; x_wconf 81' lang='lat' dir='ltr'>Polychronicon</span> <span class='ocrx_word' id='word_1_323' title='bbox 835 2746 1030 2797; x_wconf 89' lang='lat' dir='ltr'>Ranulphi</span> <span class='ocrx_word' id='word_1_324' title='bbox 1051 2747 1099 2783; x_wconf 91' lang='lat' dir='ltr'>de</span> <span class='ocrx_word' id='word_1_325' title='bbox 1119 2745 1287 2795; x_wconf 85' lang='lat' dir='ltr'>Higden,</span> <span class='ocrx_word' id='word_1_326' title='bbox 1310 2753 1343 2784; x_wconf 89' lang='lat' dir='ltr'>t.</span> <span class='ocrx_word' id='word_1_327' title='bbox 1371 2746 1476 2791; x_wconf 93' lang='lat' dir='ltr'><strong>VIII,</strong></span> <span class='ocrx_word' id='word_1_328' title='bbox 1503 2758 1570 2796; x_wconf 88' lang='lat' dir='ltr'>pp.</span> <span class='ocrx_word' id='word_1_329' title='bbox 1599 2745 1688 2791; x_wconf 87' lang='grc'><strong>356,</strong></span> <span class='ocrx_word' id='word_1_330' title='bbox 1711 2745 1801 2783; x_wconf 85' lang='grc'><strong>365.</strong></span> 
     </span>
    </p>

    <p class='ocr_par' dir='ltr' id='par_1_11' title="bbox 405 2804 1210 2856">
     <span class='ocr_line' id='line_1_37' title="bbox 405 2804 1210 2856; baseline 0.007 -18"><span class='ocrx_word' id='word_1_331' title='bbox 405 2814 443 2852; x_wconf 84' lang='lat' dir='ltr'>g.</span> <span class='ocrx_word' id='word_1_332' title='bbox 466 2825 518 2830; x_wconf 97' lang='lat'><strong>—</strong></span> <span class='ocrx_word' id='word_1_333' title='bbox 542 2804 746 2840; x_wconf 80' lang='lat' dir='ltr'>Clzronicon</span> <span class='ocrx_word' id='word_1_334' title='bbox 760 2806 942 2855; x_wconf 81' lang='lat' dir='ltr'>Angliae,</span> <span class='ocrx_word' id='word_1_335' title='bbox 966 2818 1033 2856; x_wconf 90' lang='lat' dir='ltr'>pp.</span> <span class='ocrx_word' id='word_1_336' title='bbox 1056 2806 1122 2850; x_wconf 90' lang='lat'><strong>29,</strong></span> <span class='ocrx_word' id='word_1_337' title='bbox 1147 2807 1210 2844; x_wconf 89' lang='lat'>32.</span> 
     </span>
    </p>

    <p class='ocr_par' dir='ltr' id='par_1_12' title="bbox 404 2861 1846 2916">
     <span class='ocr_line' id='line_1_38' title="bbox 404 2861 1846 2916; baseline 0.002 -19"><span class='ocrx_word' id='word_1_338' title='bbox 404 2861 444 2898; x_wconf 94' lang='lat' dir='ltr'>h.</span> <span class='ocrx_word' id='word_1_339' title='bbox 469 2883 522 2890; x_wconf 94' lang='lat'><strong>—</strong></span> <span class='ocrx_word' id='word_1_340' title='bbox 538 2863 709 2899; x_wconf 83' lang='lat' dir='ltr'>Litterae</span> <span class='ocrx_word' id='word_1_341' title='bbox 736 2865 1031 2900; x_wconf 83' lang='lat' dir='ltr'>Cantuarienses</span> <span class='ocrx_word' id='word_1_342' title='bbox 1052 2862 1163 2916; x_wconf 88' lang='lat' dir='ltr'>(edit.</span> <span class='ocrx_word' id='word_1_343' title='bbox 1185 2866 1206 2902; x_wconf 86' lang='lat' dir='ltr'><strong>J</strong></span> <span class='ocrx_word' id='word_1_344' title='bbox 1211 2866 1291 2903; x_wconf 89' lang='lat' dir='ltr'>.-B.</span> <span class='ocrx_word' id='word_1_345' title='bbox 1316 2861 1549 2915; x_wconf 83' lang='lat' dir='ltr'>Sheppard),</span> <span class='ocrx_word' id='word_1_346' title='bbox 1568 2869 1596 2900; x_wconf 92' lang='lat' dir='ltr'>t.</span> <span class='ocrx_word' id='word_1_347' title='bbox 1618 2863 1667 2909; x_wconf 97' lang='grc' dir='ltr'>ΙΙ,</span> <span class='ocrx_word' id='word_1_348' title='bbox 1691 2861 1846 2914; x_wconf 88' lang='lat' dir='ltr'>passim.</span> 
     </span>
    </p>

    <p class='ocr_par' dir='ltr' id='par_1_13' title="bbox 406 2919 1497 2974">
     <span class='ocr_line' id='line_1_39' title="bbox 406 2919 1497 2974; baseline 0.004 -18"><span class='ocrx_word' id='word_1_349' title='bbox 406 2919 432 2957; x_wconf 85' lang='lat' dir='ltr'>i.</span> <span class='ocrx_word' id='word_1_350' title='bbox 455 2941 506 2948; x_wconf 95' lang='lat'>—-</span> <span class='ocrx_word' id='word_1_351' title='bbox 527 2920 695 2959; x_wconf 87' lang='lat' dir='ltr'>Thomae</span> <span class='ocrx_word' id='word_1_352' title='bbox 715 2922 979 2972; x_wconf 82' lang='lat' dir='ltr'>VValsingham</span> <span class='ocrx_word' id='word_1_353' title='bbox 999 2924 1187 2970; x_wconf 86' lang='lat' dir='ltr'>Historia,</span> <span class='ocrx_word' id='word_1_354' title='bbox 1216 2930 1243 2962; x_wconf 90' lang='lat' dir='ltr'>t.</span> <span class='ocrx_word' id='word_1_355' title='bbox 1268 2924 1319 2969; x_wconf 87' lang='grc' dir='ltr'>ΙΙ,</span> <span class='ocrx_word' id='word_1_356' title='bbox 1341 2935 1380 2974; x_wconf 80' lang='grc' dir='ltr'>ρ.</span> <span class='ocrx_word' id='word_1_357' title='bbox 1407 2923 1497 2960; x_wconf 90' lang='grc'><strong>276.</strong></span> 
     </span>
    </p>

    <p class='ocr_par' dir='ltr' id='par_1_14' title="bbox 402 2976 1113 3033">
     <span class='ocr_line' id='line_1_40' title="bbox 402 2976 1113 3033; baseline 0.007 -18"><span class='ocrx_word' id='word_1_358' title='bbox 402 2976 434 3029; x_wconf 89' lang='lat' dir='ltr'>j.</span> <span class='ocrx_word' id='word_1_359' title='bbox 458 3000 510 3007; x_wconf 94' lang='lat'><strong>—</strong></span> <span class='ocrx_word' id='word_1_360' title='bbox 528 2982 673 3029; x_wconf 82' lang='lat' dir='ltr'>Anglia</span> <span class='ocrx_word' id='word_1_361' title='bbox 694 2985 832 3029; x_wconf 87' lang='lat' dir='ltr'>Sacra,</span> <span class='ocrx_word' id='word_1_362' title='bbox 858 2988 887 3020; x_wconf 88' lang='lat' dir='ltr'>t.</span> <span class='ocrx_word' id='word_1_363' title='bbox 912 2984 963 3028; x_wconf 90' lang='grc' dir='ltr'>ΙΙ,</span> <span class='ocrx_word' id='word_1_364' title='bbox 985 2995 1026 3033; x_wconf 92' lang='lat' dir='ltr'>p.</span> <span class='ocrx_word' id='word_1_365' title='bbox 1050 2983 1113 3021; x_wconf 89' lang='lat'>43.</span> 
     </span>
    </p>

    <p class='ocr_par' dir='ltr' id='par_1_15' title="bbox 357 3037 1878 3150">
     <span class='ocr_line' id='line_1_41' title="bbox 408 3037 1878 3091; baseline 0.002 -18"><span class='ocrx_word' id='word_1_366' title='bbox 408 3037 447 3074; x_wconf 88' lang='lat' dir='ltr'>k.</span> <span class='ocrx_word' id='word_1_367' title='bbox 473 3059 526 3066; x_wconf 90' lang='lat'><em>-</em></span> <span class='ocrx_word' id='word_1_368' title='bbox 562 3040 655 3075; x_wconf 82' lang='lat' dir='ltr'>Dies</span> <span class='ocrx_word' id='word_1_369' title='bbox 689 3039 876 3077; x_wconf 79' lang='lat' dir='ltr'>obituales</span> <span class='ocrx_word' id='word_1_370' title='bbox 910 3042 1286 3091; x_wconf 79' lang='lat' dir='ltr'>archiepiscoporum</span> <span class='ocrx_word' id='word_1_371' title='bbox 1327 3040 1676 3088; x_wconf 83' lang='lat' dir='ltr'>Cantuariensium,</span> <span class='ocrx_word' id='word_1_372' title='bbox 1722 3045 1878 3077; x_wconf 87' lang='lat' dir='ltr'>auctore</span> 
     </span>
     <span class='ocr_line' id='line_1_42' title="bbox 357 3095 1330 3150; baseline 0.005 -18"><span class='ocrx_word' id='word_1_373' title='bbox 357 3095 658 3146; x_wconf 86' lang='lat' dir='ltr'>Birchingtonio‚</span> <span class='ocrx_word' id='word_1_374' title='bbox 676 3097 716 3135; x_wconf 91' lang='lat' dir='ltr'>in</span> <span class='ocrx_word' id='word_1_375' title='bbox 735 3100 880 3148; x_wconf 86' lang='lat' dir='ltr'>Anglia</span> <span class='ocrx_word' id='word_1_376' title='bbox 901 3103 1039 3147; x_wconf 84' lang='lat' dir='ltr'>Sacra,</span> <span class='ocrx_word' id='word_1_377' title='bbox 1067 3107 1094 3136; x_wconf 90' lang='lat' dir='ltr'>t.</span> <span class='ocrx_word' id='word_1_378' title='bbox 1118 3100 1171 3145; x_wconf 91' lang='grc' dir='ltr'>ΙΙ,</span> <span class='ocrx_word' id='word_1_379' title='bbox 1202 3112 1242 3150; x_wconf 87' lang='lat' dir='ltr'>p.</span> <span class='ocrx_word' id='word_1_380' title='bbox 1268 3100 1330 3138; x_wconf 80' lang='lat'>52.</span> 
     </span>
    </p>

    <p class='ocr_par' dir='ltr' id='par_1_16' title="bbox 411 3154 1260 3211">
     <span class='ocr_line' id='line_1_43' title="bbox 411 3154 1260 3211; baseline 0.007 -20"><span class='ocrx_word' id='word_1_381' title='bbox 411 3154 435 3193; x_wconf 95' lang='lat' dir='ltr'>l.</span> <span class='ocrx_word' id='word_1_382' title='bbox 461 3177 512 3182; x_wconf 91' lang='lat'><strong>—</strong></span> <span class='ocrx_word' id='word_1_383' title='bbox 532 3158 686 3205; x_wconf 86' lang='lat' dir='ltr'>Rymer,</span> <span class='ocrx_word' id='word_1_384' title='bbox 708 3164 734 3194; x_wconf 91' lang='lat' dir='ltr'>t.</span> <span class='ocrx_word' id='word_1_385' title='bbox 757 3159 829 3204; x_wconf 90' lang='grc' dir='ltr'><strong>ΙΙΙ,</strong></span> <span class='ocrx_word' id='word_1_386' title='bbox 852 3165 950 3209; x_wconf 88' lang='lat' dir='ltr'>part.</span> <span class='ocrx_word' id='word_1_387' title='bbox 975 3159 1005 3205; x_wconf 86' lang='grc' dir='ltr'>Ι,</span> <span class='ocrx_word' id='word_1_388' title='bbox 1034 3160 1084 3204; x_wconf 90' lang='grc' dir='ltr'>ΙΙ,</span> <span class='ocrx_word' id='word_1_389' title='bbox 1108 3158 1260 3211; x_wconf 89' lang='lat' dir='ltr'>passim.</span> 
     </span>
    </p>
   </div>
  </div>
 </body>
</html>
