2314 3736
986 377 1224 419 —105—

341 487 440 514 cum
468 470 590 529 equis
610 480 712 513 sunt
732 468 946 528 graviores
967 484 1097 527 quam
1125 466 1256 526 primi
1278 467 1470 510 suerunt.
1497 467 1564 510 Illi
1592 468 1646 510 de
1667 467 1867 527 parochia

341 541 609 584 conveniunt
634 557 733 584 cum
761 540 837 593 eis,
874 555 953 599 pro
987 538 1130 597 aliqua
1159 554 1328 580 summa
1360 538 1544 597 pecunie
1573 550 1620 581 ut
1647 539 1867 581 recedant.

343 615 528 671 Recepta
557 612 755 671 pecunia,
786 610 922 670 aliqui
941 626 1092 652 eorum
1125 609 1348 662 recedunt,
1379 621 1420 651 ct
1452 609 1589 668 aliqui
1617 626 1767 652 eorum
1800 609 1870 651 ni-

342 683 606 726 chilominus
628 693 867 736 remanent,
893 693 934 724 et
954 681 1133 740 capiunt
1159 696 1355 732 avenam,
1388 680 1538 723 fenum
1573 692 1615 722 et
1641 692 1796 735 cetera,
1828 692 1871 723 et

343 754 475 796 nichil
497 754 687 807 solvunt,
718 765 759 796 et
781 753 863 795 hoc
891 752 1056 794 faciunt
1082 751 1200 810 quod
1225 751 1417 793 latrones
1445 768 1530 794 non
1564 752 1751 794 facerent
1773 760 1872 810 post

341 825 680 867 convencionem
701 840 800 867 cum
822 824 882 866 eis
907 824 1076 865 factam.
1107 824 1173 865 De
1193 833 1325 874 certo,
1350 822 1603 881 aliquando,
1632 834 1679 865 ut
1692 822 1867 873 dicitur,

342 896 555 954 contingit
575 896 691 954 quod
716 896 846 938 habet
865 894 1023 952 aliquis
1054 894 1150 936 talis
1177 893 1529 935 commissionem
1560 894 1614 935 ad
1643 910 1774 936 unam
1797 894 1870 936 vil-

342 968 427 1010 lam
452 983 528 1026 pro
550 966 826 1026 garcionibus
849 977 891 1008 et
917 967 1056 1024 equis,
1085 964 1194 1008 alius
1222 965 1274 1007 ad
1293 964 1421 1006 aliam
1452 964 1615 1017 villam,
1651 967 1712 1007 3¹¹³
1743 965 1873 1008 habet

342 1038 693 1081 commissionem
715 1037 766 1079 ad
796 1036 972 1079 terciam
1003 1036 1164 1088 villam,
1199 1047 1241 1078 et
1268 1035 1326 1078 sic
1352 1035 1572 1094 deinceps.
1599 1037 1654 1078 Et
1680 1035 1799 1094 quia,
1826 1047 1873 1079 ut

342 1108 649 1160 communiter,
680 1108 742 1151 illi
778 1108 1001 1166 garciones
1028 1120 1131 1150 sunt
1153 1106 1361 1149 maliciosi
1392 1118 1435 1149 et
1461 1106 1584 1165 quasi
1607 1106 1741 1149 nichil
1769 1107 1872 1149 reci,-

343 1180 472 1240 piunt
497 1196 518 1222 a
548 1179 763 1239 magistris
791 1179 896 1232 suis,
918 1190 960 1221 et
987 1179 1147 1221 vellent
1165 1178 1353 1220 libenter
1373 1177 1530 1220 lucrari
1558 1177 1740 1236 aliquid,
1763 1177 1870 1237 quid

259 1238 306 1303 N,
342 1251 502 1311 persas
537 1251 643 1310 quid
672 1268 749 1310 per
776 1251 911 1303 nefas,
944 1250 1157 1309 colligunt
1189 1266 1234 1291 se
1261 1265 1412 1292 omnes
1440 1249 1587 1302 simul,
1621 1261 1662 1291 et
1690 1249 1873 1292 veniunt

311 1308 486 1386 &rimo
512 1322 564 1364 ad
590 1338 719 1364 unam
751 1322 896 1364 villam
925 1333 967 1363 et
987 1321 1227 1364 ostendunt
1254 1337 1386 1363 unam
1417 1320 1788 1374 commissionem,
1831 1332 1874 1363 et

343 1388 503 1459 vhztute
519 1393 636 1435 illius
663 1392 981 1435 commissionis
1003 1392 1182 1451 capiunt
1202 1407 1397 1444 avenam,
1430 1392 1564 1444 fabas,
1596 1392 1813 1434 esculenta
1831 1403 1872 1434 et

343 1465 572 1524 pocffienta
613 1475 654 1506 et
688 1464 823 1506 multa
857 1463 937 1506 alia
960 1464 1088 1517 bona,
1119 1463 1226 1522 quid
1246 1479 1322 1522 per
1351 1462 1621 1514 violenciam,
1653 1462 1761 1521 quid
1794 1479 1873 1522 per

341 1536 560 1589 timorem,
599 1534 705 1593 quid
747 1551 822 1594 per
865 1551 1056 1577 amorem
1101 1535 1229 1577 talem
1274 1534 1464 1592 qualem,
1506 1534 1608 1592 quia
1653 1533 1871 1593 simplices

342 1606 541 1650 homines
570 1607 700 1649 unius
736 1606 835 1648 ville
875 1605 1030 1648 ruralis
1058 1622 1145 1647 non
1179 1605 1342 1648 audent
1370 1606 1431 1647 eis
1464 1605 1662 1647 resistere
1692 1616 1871 1664 propter

342 1677 671 1721 multitudinem
694 1677 931 1720 eorundem
954 1688 996 1719 et
1015 1693 1114 1719 cum
1138 1676 1197 1719 sic
1224 1676 1404 1719 fecerint
1428 1676 1473 1719 in
1502 1693 1584 1719 una
1607 1676 1722 1729 villa,
1753 1692 1870 1719 rece-

342 1750 455 1792 dunt
489 1760 531 1791 et
566 1748 750 1791 veniunt
784 1748 837 1791 ad
872 1747 1000 1790 aliam
1042 1748 1204 1800 villam,
1247 1758 1289 1790 et
1321 1747 1560 1790 ostendunt
1598 1747 1716 1790 illam
1752 1763 1870 1790 com-

343 1820 612 1872 missionem,
637 1831 679 1862 et
698 1819 984 1862 consimiliter
1001 1818 1062 1862 ihi
1084 1818 1265 1873 faciunt,
1290 1830 1332 1861 et
1349 1819 1410 1861 sic
1430 1818 1649 1878 deinceps.

403 1962 487 2008 21.
523 1962 710 2014 Deinde,
750 1961 869 2005 venit
906 1961 1064 2020 aliquis
1093 1978 1190 2004 cum
1227 1978 1312 2004 una
1341 1960 1647 2004 commissione
1678 1962 1731 2004 ad
1765 1978 1867 2021 pro-

342 2034 580 2077 videndum
602 2033 817 2084 deutera,
849 2033 963 2084 senc,
994 2049 1126 2075 avena
1145 2043 1187 2075 et
1207 2032 1359 2075 ceteris
1391 2032 1662 2091 hujusmodi,
1699 2043 1741 2075 et
1773 2048 1870 2076 ecce

343 2121 474 2164 quam
494 2103 701 2162 injuriam
719 2103 730 2124 ¹
758 2104 859 2146 facit
879 2103 964 2146 illis
986 2104 1040 2146 de
1061 2103 1263 2162 parochia
1282 2120 1292 2156 ;
1325 2103 1440 2162 capit
1459 2120 1486 2145 x
1507 2103 1573 2145 vel
1602 2103 1661 2161 xij
1684 2115 1870 2146 careotas

343 2175 481 2229 litere,
512 2185 555 2217 et
574 2191 653 2233 pro
674 2175 869 2234 qualibet
893 2185 1058 2216 carecta
1079 2173 1183 2216 dicit
1211 2190 1255 2216 se
1288 2185 1459 2217 tantum
1495 2173 1603 2216 velle
1639 2174 1803 2217 solvere
1829 2177 1868 2232 vj

343 2245 544 2288 denarios
577 2261 656 2304 pro
689 2245 811 2288 litera
845 2256 887 2287 et
921 2244 1176 2296 cariacione,
1207 2253 1249 2287 et
1275 2244 1358 2287 hoc
1383 2244 1485 2287 satis
1513 2243 1732 2287 modicum
1759 2244 1871 2287 foret

343 2333 422 2376 pro
453 2316 692 2358 cariacione
727 2327 916 2368 tantum,
953 2326 995 2357 et
1026 2326 1187 2368 tamen,
1213 2315 1348 2357 nichil
1375 2314 1502 2357 solvit
1534 2330 1612 2357 nec
1638 2314 1871 2373 distinguit

343 2388 397 2430 de
434 2389 549 2429 bona
586 2386 707 2429 litera
742 2397 784 2429 et
821 2386 953 2428 debili
983 2386 1086 2444 quia
1125 2397 1294 2428 tantum
1332 2385 1438 2428 dicit
1475 2401 1520 2428 se
1557 2385 1666 2428 velle
1704 2385 1869 2428 solvere

343 2474 422 2516 pro
460 2457 594 2500 debili
627 2457 749 2499 litera
785 2457 911 2499 sicuti
941 2473 1019 2516 pro
1047 2458 1177 2509 bona,
1213 2467 1255 2499 et
1283 2457 1365 2499 hoc
1390 2472 1480 2498 non
1519 2468 1583 2498 est
1604 2455 1796 2514 justicia,
1829 2466 1872 2498 et

344 2528 403 2571 sic
428 2528 481 2570 de
502 2528 615 2570 feno.
647 2529 714 2571 De
742 2543 874 2570 avena
900 2539 1063 2580 autem,
1100 2527 1277 2586 quando
1309 2527 1424 2586 capit
1444 2543 1500 2569 xx
1529 2526 1762 2585 quarteria,
1796 2526 1871 2569 dat

343 2598 504 2641 talliam
545 2615 625 2657 pro
660 2599 746 2656 xvij
786 2598 1031 2657 quarteriis,
1061 2609 1103 2640 et
1128 2598 1272 2640 adhuc
1307 2597 1370 2640 illi
1407 2598 1460 2640 de
1492 2597 1695 2656 parochia
1734 2597 1869 2639 caria-

344 2671 457 2712 bunt
496 2685 573 2728 per
598 2669 700 2727 iiij⁰r
728 2669 794 2711 vel
830 2686 855 2712 v
893 2669 1051 2722 leucas,
1090 2680 1132 2711 et
1168 2669 1292 2721 forte,
1335 2685 1414 2727 pro
1452 2668 1601 2711 labore
1636 2667 1771 2710 nichil
1798 2668 1869 2710 ha-

344 2741 527 2783 bebunt.
554 2742 653 2795 Que
673 2750 737 2782 est
751 2739 832 2782 ista
847 2739 1024 2798 justicia
1046 2739 1133 2782 sive
1154 2739 1322 2798 equitas
1340 2740 1358 2781 Ρ
1378 2741 1507 2782 Juxta
1534 2739 1645 2782 illud
1666 2741 1767 2782 Ysa.
1791 2738 1866 2783 lix.

342 2812 531 2853 Justicia
552 2812 678 2869 longe
696 2814 814 2853 stetit
831 2826 845 2853 .·
873 2814 976 2870 quia
1008 2814 1150 2854 cor-uit
1176 2815 1220 2854 in
1244 2812 1402 2869 platea
1433 2809 1609 2863 veritas,
1640 2820 1681 2853 et
1703 2814 1872 2869 equitas

343 2897 426 2923 non
437 2885 580 2940 potuit
599 2883 783 2940 ingredi.
798 2883 858 2924 Et
867 2883 988 2941 faeta
1009 2891 1072 2924 est
1088 2885 1248 2925 veritas
1275 2887 1319 2923 in
1347 2882 1634 2925 oblivionem&
1659 2882 1746 2924 Tot
1757 2897 1869 2923 com-

345 2951 571 2995 missiones
587 2968 674 2995 non
697 2951 860 2995 fiebant
887 2963 1083 3011 tempore
1104 2952 1238 3011 patris
1255 2952 1334 3004 tui,
1354 2963 1396 2995 et
1416 2963 1504 2994 tam
1520 2951 1639 2994 brevi
1656 2963 1866 3011 tempore.

390 3082 465 3120 21.
490 3102 537 3108 —-
554 3081 836 3122 ¹offensionem,
860 3082 933 3123 Cl.,
954 3082 999 3116 V.
1022 3083 1066 3116 R.

393 3187 429 3210 a.
459 3175 547 3210 Isai.
571 3175 667 3217 LIX,
692 3177 748 3217 14,
771 3177 827 3211 15.
