2444 3750
1279 414 1489 456 -32-

625 535 815 581 navavit
840 542 893 580 ut
914 533 1186 596 hujusmodi
1213 533 1335 581 mala
1357 542 1564 591 sanaret,
1588 541 1669 580 aut
1695 533 1863 581 saltem
1889 534 2141 593 allevaret3

623 631 671 670 et
702 623 764 669 ita
794 639 844 669 se
873 631 1062 687 gratum
1092 622 1251 687 Anglis
1286 621 1514 670 efficeret.
1554 624 1743 669 Etenim
1770 639 1937 670 eorum
1970 622 2145 670 auxilio

623 719 672 758 et
709 712 854 776 gratia
901 710 946 757 id
984 712 1212 776 temporis
1250 710 1386 758 valde
1426 710 1506 758 ille
1550 710 1745 776 quidem
1785 710 2043 776 indigebat,
2086 711 2143 758 ad

624 798 957 865 repellendum
989 799 1268 857 Robcrtum,
1315 799 1487 847 ducem
1525 801 1872 858 Normanniac,
1915 800 2143 863 majorem

624 897 738 936 natu
782 887 996 946 fratrem,
1031 889 1113 953 qui
1166 890 1364 935 summis
1405 888 1654 935 conatibus
1694 890 1819 935 viam
1868 888 1927 935 ad
1966 890 2145 954 regiam

623 985 908 1042 potestatem
929 975 1014 1023 sibi
1035 977 1223 1024 munire
1250 976 1539 1042 satagebat¹.
1563 978 1810 1042 Proposito
1835 978 1976 1042 igitur
1995 979 2148 1025 sancti

625 1065 844 1112 Edwardi
874 1066 998 1130 regis
1029 1065 1271 1132 exemplo,
1302 1066 1513 1113 decrevit
1541 1074 1591 1113 ut
1619 1083 1678 1113 ne
1708 1066 1806 1128 jam
1832 1066 2035 1131 amplius
2066 1084 2144 1132 pe-

624 1153 789 1212 cudes,
812 1171 918 1211 ova,
942 1154 1158 1218 gallinas,
1188 1153 1365 1219 frugeS,
1389 1154 1958 1220 persolverentbordarii,
1982 1172 2144 1220 quam-

625 1244 694 1290 vis
722 1261 747 1289 a
783 1242 1080 1308 temporibus
1118 1261 1270 1308 usque
1305 1243 1533 1291 Willelmi
1567 1244 1909 1308 Conquestoris
1941 1243 2017 1291 hic
2043 1261 2147 1291 mos

624 1331 882 1390 floruisset,
930 1331 1013 1379 sed
1046 1332 1219 1379 horum
1260 1332 1366 1379 loco
1410 1350 1607 1398 parvam
1643 1333 1873 1397 pecuniae
1911 1349 2147 1380 summam

625 1421 673 1466 in
700 1428 946 1485 posterum
977 1420 1260 1468 tribuerent.
1291 1410 1716 1486 Itaquffi'dextram
1744 1419 1984 1486 fidemque
2005 1419 2148 1468 dabat

625 1510 859 1556 Henricus
887 1526 954 1567 se,
986 1526 1075 1575 pro
1100 1509 1222 1556 virili
1252 1519 1405 1575 parte,
1437 1510 1779 1575 impediturum
1805 1527 1927 1567 esse,
1963 1510 2144 1575 quomi-

625 1615 716 1645 nus
735 1598 939 1645 ministri
959 1599 1029 1645 sui
1047 1599 1240 1646 nomine
1256 1600 1648 1664 procurationum
1667 1607 1715 1646 et
1730 1599 2148 1664 praeemptionum

625 1705 702 1735 res
722 1687 917 1746 alienas,
941 1688 1097 1734 invitis
1117 1687 1488 1753 possessoribus,
1511 1688 1782 1754 caperenff.

691 1776 784 1824 Sed
813 1794 975 1824 rerum
1014 1785 1062 1824 et
1095 1776 1355 1824 verborum
1397 1778 1513 1824 mira
1548 1777 1896 1842 discrepantia!
1932 1776 2073 1837 Quod
2109 1778 2148 1824 si

625 1866 754 1914 enim
787 1866 1062 1913 vexationes
1095 1874 1144 1913 et
1180 1866 1391 1929 injurias,
1419 1865 1545 1913 bona
1573 1864 1686 1923 fide,
1719 1864 2009 1912 cohibendas
2042 1882 2147 1913 esse

625 1953 855 2011 decrevit,
895 1953 1027 2019 quod
1060 1954 1098 2000 si
1143 1972 1163 1998 «
1191 1955 1382 2019 rapinas
1413 1953 1680 2010 curialium,
1713 1952 1896 2000 furta...
1942 1972 1963 1995 »
1993 1952 2148 2000 edicto

631 2062 652 2086 «
691 2042 1026 2106 compescuit³,
1040 2041 1171 2106 quod
1185 2043 1222 2088 si
1234 2059 1489 2107 parvarum
1508 2059 1702 2106 quoque
1713 2058 1874 2088 rerum
1889 2058 1985 2088 non
2002 2040 2145 2105 negli-

631 2151 651 2175 «
681 2147 815 2195 gens,
842 2129 1099 2178 curialibus
1127 2131 1222 2177 suis
1259 2130 1548 2195 ubicumque
1576 2129 1795 2177 villarum
1825 2138 1966 2188 esset,
1999 2146 2146 2194 quan-

635 2241 655 2266 «
695 2229 796 2268 tum
813 2239 839 2268 a
858 2222 1044 2268 rusticis
1071 2222 1213 2286 gratis
1233 2223 1466 2287 accipere,
1490 2230 1725 2286 quantum
1749 2230 1797 2269 et
1818 2230 1966 2286 quoto
1993 2222 2148 2286 pretio

635 2328 655 2354 «
692 2326 853 2357 emere
875 2309 1091 2356 debitum
1135 2319 1254 2368 erat,
1278 2309 1484 2358 edixit...
1526 2318 1902 2374 transgressores
1922 2310 1996 2357 vel
2018 2310 2148 2375 gravi

632 2418 653 2442 «
694 2399 1004 2462 pecuniarum
1031 2398 1228 2456 mulcta,
1253 2397 1327 2445 vel
1348 2399 1472 2446 vitae
1498 2383 2047 2463 dispendio'afficiens...
2066 2398 2081 2420 ⁴
2118 2417 2139 2442 »

628 2494 790 2534 tamen
825 2503 1174 2552 saepenumero
1207 2495 1330 2534 stare
1364 2487 1608 2552 promissis
1649 2487 1845 2534 minime
1881 2487 2054 2551 potuit.
2092 2489 2147 2533 In

629 2592 729 2639 quo
759 2591 873 2622 sane
900 2574 1195 2634 confitendo,
1229 2574 1450 2640 plerique
1481 2575 1737 2640 scriptores
1771 2576 1934 2623 coaevi
1969 2592 2147 2623 conve-

627 2781 749 2821 verris
773 2790 811 2821 et
839 2783 1105 2821 exactionibus
1131 2783 1294 2822 assiduis
1323 2783 1571 2835 provocabat,
1599 2796 1667 2822 nec
1692 2783 1880 2835 respirare
1900 2789 2049 2835 poterat
2071 2785 2148 2820 An·

627 2841 718 2892 glia,
741 2841 812 2879 sub
842 2841 927 2893 ipso
955 2842 1180 2880 mirabiliter
1207 2842 1402 2880 suffocata.
1438 2845 1522 2894 Ipse
1557 2855 1734 2894 namque,
1766 2850 1803 2880 et
1829 2842 1894 2893 qui
1928 2842 1963 2880 ei
1993 2841 2148 2880 famula-

627 2901 780 2946 bantur,
804 2903 933 2938 omm’a
953 2902 1171 2952 rapiebant,
1195 2903 1323 2938 omnia
1342 2901 1586 2939 conterebant
1602 2911 1641 2939 et
1653 2901 1931 2939 subvertebant.

685 2962 719 2997 1.
756 2960 935 2998 Willelmi
956 2960 1302 3006 malmesbiriensis,
1329 2965 1441 2998 Gesta
1467 2974 1601 3010 regum
1620 2963 1843 3010 Anglorum‚
1868 2968 1895 3000 t.
1921 2961 1971 3006 11,
1991 2973 2030 3012 p.
2053 2960 2146 2999 47¹.

627 3041 678 3047 -—
702 3019 835 3057 xlatth.
859 3019 1093 3064 Parisiensis‚
1116 3034 1177 3070 op.
1201 3021 1284 3066 cit„
1309 3027 1334 3057 t.
1355 3021 1405 3064 11,
1430 3033 1467 3071 p.
1500 3021 1589 3058 1⁴22.

681 3079 719 3116 2.
754 3078 887 3117 Matth.
912 3078 1146 3126 Parisiensis‚
1169 3092 1230 3129 op.
1253 3081 1337 3125 cit„
1364 3086 1390 3116 t.
1413 3081 1462 3123 11,
1486 3092 1551 3131 pp.
1575 3081 1664 3124 115.
1691 3081 1779 3118 116.

683 3139 719 3176 3.
753 3137 934 3176 Willelmi
954 3138 1301 3185 malmesbiriensis,
1327 3143 1439 3177 Gesta
1459 3152 1593 3189 regum
1612 3142 1837 3189 Aagtmum,
1861 3146 1888 3178 t.
1913 3139 1964 3187 11,
1987 3150 2027 3189 p.
2052 3138 2144 3176 476.

683 3204 721 3239 4.
755 3203 832 3248 m„
854 3210 883 3242 t.
911 3203 960 3249 11,
989 3216 1028 3254 ρ.
1053 3204 1144 3242 487.
