<?xml version="1.0" encoding="UTF-8"?>
<!DOCTYPE html PUBLIC "-//W3C//DTD XHTML 1.0 Transitional//EN"
    "http://www.w3.org/TR/xhtml1/DTD/xhtml1-transitional.dtd">
<html xmlns="http://www.w3.org/1999/xhtml" xml:lang="en" lang="en">
 <head>
  <title>
</title>
<meta http-equiv="Content-Type" content="text/html;charset=utf-8" />
  <meta name='ocr-system' content='tesseract 3.04.00' />
  <meta name='ocr-capabilities' content='ocr_page ocr_carea ocr_par ocr_line ocrx_word'/>
</head>
<body>
  <div class='ocr_page' id='page_1' title='image "./despeculoregised00isliuoft_0168.png"; bbox 0 0 2314 3736; ppageno 0'>
   <div class='ocr_carea' id='block_1_1' title="bbox 1081 323 1320 366">
    <p class='ocr_par' dir='ltr' id='par_1_1' title="bbox 1081 323 1320 366">
     <span class='ocr_line' id='line_1_1' title="bbox 1081 323 1320 366; baseline 0 0"><span class='ocrx_word' id='word_1_1' title='bbox 1081 323 1320 366; x_wconf 85' lang='lat'>—158—</span> 
     </span>
    </p>
   </div>
   <div class='ocr_carea' id='block_1_2' title="bbox 433 413 1995 686">
    <p class='ocr_par' dir='ltr' id='par_1_2' title="bbox 433 413 1995 686">
     <span class='ocr_line' id='line_1_2' title="bbox 433 413 1995 474; baseline -0.002 -16"><span class='ocrx_word' id='word_1_2' title='bbox 433 431 523 458; x_wconf 89' lang='lat' dir='ltr'><strong>ram</strong></span> <span class='ocrx_word' id='word_1_3' title='bbox 551 414 838 474; x_wconf 76' lang='lat' dir='ltr'>anglicanam,</span> <span class='ocrx_word' id='word_1_4' title='bbox 859 414 942 457; x_wconf 92' lang='lat' dir='ltr'><strong>hoc</strong></span> <span class='ocrx_word' id='word_1_5' title='bbox 967 430 1055 457; x_wconf 91' lang='lat' dir='ltr'><strong>non</strong></span> <span class='ocrx_word' id='word_1_6' title='bbox 1075 414 1188 465; x_wconf 86' lang='lat' dir='ltr'><strong>facit,</strong></span> <span class='ocrx_word' id='word_1_7' title='bbox 1214 430 1291 457; x_wconf 90' lang='lat' dir='ltr'><strong>nec</strong></span> <span class='ocrx_word' id='word_1_8' title='bbox 1330 414 1653 473; x_wconf 78' lang='lat' dir='ltr'><strong>permitteretur</strong></span> <span class='ocrx_word' id='word_1_9' title='bbox 1674 413 1784 456; x_wconf 90' lang='lat' dir='ltr'><strong>forte</strong></span> <span class='ocrx_word' id='word_1_10' title='bbox 1803 413 1954 464; x_wconf 89' lang='lat' dir='ltr'><strong>facere,</strong></span> <span class='ocrx_word' id='word_1_11' title='bbox 1991 466 1995 469; x_wconf 15' lang='grc' dir='ltr'><strong>Α</strong></span> 
     </span>
     <span class='ocr_line' id='line_1_3' title="bbox 438 484 1959 544; baseline -0.002 -15"><span class='ocrx_word' id='word_1_12' title='bbox 438 487 482 529; x_wconf 89' lang='lat' dir='ltr'><strong>in</strong></span> <span class='ocrx_word' id='word_1_13' title='bbox 511 486 614 529; x_wconf 90' lang='lat' dir='ltr'><strong>locis</strong></span> <span class='ocrx_word' id='word_1_14' title='bbox 641 486 685 528; x_wconf 94' lang='lat' dir='ltr'><strong>in</strong></span> <span class='ocrx_word' id='word_1_15' title='bbox 713 486 874 544; x_wconf 89' lang='lat' dir='ltr'><strong>quibus</strong></span> <span class='ocrx_word' id='word_1_16' title='bbox 902 495 1108 528; x_wconf 90' lang='lat' dir='ltr'><strong>moratur.</strong></span> <span class='ocrx_word' id='word_1_17' title='bbox 1135 486 1249 544; x_wconf 88' lang='lat' dir='ltr'><strong>Ergo</strong></span> <span class='ocrx_word' id='word_1_18' title='bbox 1269 501 1347 527; x_wconf 92' lang='lat' dir='ltr'><strong>nec</strong></span> <span class='ocrx_word' id='word_1_19' title='bbox 1365 496 1410 527; x_wconf 93' lang='lat' dir='ltr'><strong>tu</strong></span> <span class='ocrx_word' id='word_1_20' title='bbox 1433 485 1594 544; x_wconf 88' lang='lat' dir='ltr'><strong>poteris</strong></span> <span class='ocrx_word' id='word_1_21' title='bbox 1622 484 1699 526; x_wconf 88' lang='lat' dir='ltr'><strong>hec</strong></span> <span class='ocrx_word' id='word_1_22' title='bbox 1721 484 1886 537; x_wconf 85' lang='lat' dir='ltr'><strong>facere3</strong></span> <span class='ocrx_word' id='word_1_23' title='bbox 1915 494 1959 526; x_wconf 90' lang='lat' dir='ltr'><strong>et</strong></span> 
     </span>
     <span class='ocr_line' id='line_1_4' title="bbox 436 555 1956 615; baseline -0.002 -16"><span class='ocrx_word' id='word_1_24' title='bbox 436 557 636 611; x_wconf 85' lang='lat' dir='ltr'><strong>maxime,</strong></span> <span class='ocrx_word' id='word_1_25' title='bbox 660 557 761 615; x_wconf 86' lang='lat' dir='ltr'><strong>quia</strong></span> <span class='ocrx_word' id='word_1_26' title='bbox 783 567 848 598; x_wconf 86' lang='lat' dir='ltr'><strong>est</strong></span> <span class='ocrx_word' id='word_1_27' title='bbox 872 567 1019 598; x_wconf 86' lang='lat' dir='ltr'><strong>contra</strong></span> <span class='ocrx_word' id='word_1_28' title='bbox 1041 555 1307 599; x_wconf 89' lang='lat' dir='ltr'><strong>voluntatem</strong></span> <span class='ocrx_word' id='word_1_29' title='bbox 1326 556 1422 599; x_wconf 87' lang='lat' dir='ltr'><strong>Dei.</strong></span> <span class='ocrx_word' id='word_1_30' title='bbox 1448 555 1588 598; x_wconf 88' lang='lat' dir='ltr'><strong>Exodi</strong></span> <span class='ocrx_word' id='word_1_31' title='bbox 1618 571 1698 598; x_wconf 83' lang='lat' dir='ltr'><strong>xx:</strong></span> <span class='ocrx_word' id='word_1_32' title='bbox 1727 556 1828 598; x_wconf 84' lang='lat' dir='ltr'><strong>Non</strong></span> <span class='ocrx_word' id='word_1_33' title='bbox 1862 570 1956 596; x_wconf 83' lang='lat' dir='ltr'><strong>con·</strong></span> 
     </span>
     <span class='ocr_line' id='line_1_5' title="bbox 435 630 1045 686; baseline -0.002 -16"><span class='ocrx_word' id='word_1_34' title='bbox 435 634 630 686; x_wconf 80' lang='lat' dir='ltr'><strong>cupisces</strong></span> <span class='ocrx_word' id='word_1_35' title='bbox 651 644 740 670; x_wconf 84' lang='lat' dir='ltr'><strong>rem</strong></span> <span class='ocrx_word' id='word_1_36' title='bbox 752 630 953 686; x_wconf 78' lang='lat' dir='ltr'><strong>proximi</strong></span> <span class='ocrx_word' id='word_1_37' title='bbox 971 630 1045 670; x_wconf 80' lang='lat' dir='ltr'><strong>tui.</strong></span> 
     </span>
    </p>
   </div>
   <div class='ocr_carea' id='block_1_3' title="bbox 434 766 1959 1165">
    <p class='ocr_par' dir='ltr' id='par_1_3' title="bbox 434 766 1959 1165">
     <span class='ocr_line' id='line_1_6' title="bbox 494 766 1959 827; baseline -0.003 -13"><span class='ocrx_word' id='word_1_38' title='bbox 494 768 602 815; x_wconf 83' lang='lat' dir='ltr'><strong>XL.</strong></span> <span class='ocrx_word' id='word_1_39' title='bbox 639 770 761 820; x_wconf 91' lang='lat' dir='ltr'><strong>Item,</strong></span> <span class='ocrx_word' id='word_1_40' title='bbox 791 768 936 811; x_wconf 88' lang='lat' dir='ltr'><strong>labora</strong></span> <span class='ocrx_word' id='word_1_41' title='bbox 966 768 1085 827; x_wconf 90' lang='lat' dir='ltr'><strong>quod</strong></span> <span class='ocrx_word' id='word_1_42' title='bbox 1106 784 1233 811; x_wconf 92' lang='lat' dir='ltr'><strong>omne</strong></span> <span class='ocrx_word' id='word_1_43' title='bbox 1254 779 1474 827; x_wconf 90' lang='lat' dir='ltr'><strong>peccatum</strong></span> <span class='ocrx_word' id='word_1_44' title='bbox 1495 766 1550 810; x_wconf 90' lang='lat' dir='ltr'><strong>de</strong></span> <span class='ocrx_word' id='word_1_45' title='bbox 1578 778 1688 810; x_wconf 86' lang='lat' dir='ltr'><strong>terra</strong></span> <span class='ocrx_word' id='word_1_46' title='bbox 1712 778 1783 810; x_wconf 86' lang='lat' dir='ltr'><strong>tua</strong></span> <span class='ocrx_word' id='word_1_47' title='bbox 1798 783 1959 810; x_wconf 90' lang='lat' dir='ltr'><strong>ammo-</strong></span> 
     </span>
     <span class='ocr_line' id='line_1_7' title="bbox 434 837 1956 897; baseline -0.001 -15"><span class='ocrx_word' id='word_1_48' title='bbox 434 850 601 892; x_wconf 85' lang='lat' dir='ltr'><strong>veatur,</strong></span> <span class='ocrx_word' id='word_1_49' title='bbox 625 839 808 881; x_wconf 88' lang='lat' dir='ltr'><strong>maxime</strong></span> <span class='ocrx_word' id='word_1_50' title='bbox 833 850 978 881; x_wconf 92' lang='lat' dir='ltr'><strong>autem</strong></span> <span class='ocrx_word' id='word_1_51' title='bbox 1006 838 1271 897; x_wconf 84' lang='lat' dir='ltr'><strong>blasphemie</strong></span> <span class='ocrx_word' id='word_1_52' title='bbox 1288 849 1330 880; x_wconf 91' lang='lat' dir='ltr'><strong>et</strong></span> <span class='ocrx_word' id='word_1_53' title='bbox 1346 839 1529 882; x_wconf 88' lang='lat' dir='ltr'><strong>hereses.</strong></span> <span class='ocrx_word' id='word_1_54' title='bbox 1548 838 1752 891; x_wconf 89' lang='lat' dir='ltr'><strong>Adverte,</strong></span> <span class='ocrx_word' id='word_1_55' title='bbox 1778 837 1956 880; x_wconf 85' lang='lat' dir='ltr'><strong>domine</strong></span> 
     </span>
     <span class='ocr_line' id='line_1_8' title="bbox 436 909 1958 968; baseline -0.001 -16"><span class='ocrx_word' id='word_1_56' title='bbox 436 926 527 964; x_wconf 87' lang='lat' dir='ltr'><strong>rex,</strong></span> <span class='ocrx_word' id='word_1_57' title='bbox 557 909 610 952; x_wconf 90' lang='lat' dir='ltr'><strong>ad</strong></span> <span class='ocrx_word' id='word_1_58' title='bbox 633 909 740 952; x_wconf 91' lang='lat' dir='ltr'><strong>illud</strong></span> <span class='ocrx_word' id='word_1_59' title='bbox 768 909 887 968; x_wconf 93' lang='lat' dir='ltr'><strong>quod</strong></span> <span class='ocrx_word' id='word_1_60' title='bbox 910 925 997 951; x_wconf 88' lang='lat' dir='ltr'><strong>non</strong></span> <span class='ocrx_word' id='word_1_61' title='bbox 1018 920 1170 968; x_wconf 85' lang='lat' dir='ltr'><strong>regnat</strong></span> <span class='ocrx_word' id='word_1_62' title='bbox 1189 909 1234 951; x_wconf 91' lang='lat' dir='ltr'><strong>in</strong></span> <span class='ocrx_word' id='word_1_63' title='bbox 1256 909 1374 952; x_wconf 90' lang='lat' dir='ltr'><strong>curia</strong></span> <span class='ocrx_word' id='word_1_64' title='bbox 1396 920 1467 951; x_wconf 91' lang='lat' dir='ltr'><strong>tua</strong></span> <span class='ocrx_word' id='word_1_65' title='bbox 1486 925 1496 962; x_wconf 73' lang='grc' dir='ltr'><strong><em>ς</em></strong></span> <span class='ocrx_word' id='word_1_66' title='bbox 1520 920 1563 951; x_wconf 91' lang='lat' dir='ltr'><strong>et</strong></span> <span class='ocrx_word' id='word_1_67' title='bbox 1583 909 1740 967; x_wconf 88' lang='lat' dir='ltr'><strong>primo,</strong></span> <span class='ocrx_word' id='word_1_68' title='bbox 1761 923 1958 951; x_wconf 87' lang='lat' dir='ltr'><strong>amoveas</strong></span> 
     </span>
     <span class='ocr_line' id='line_1_9' title="bbox 435 979 1959 1039; baseline -0.001 -16"><span class='ocrx_word' id='word_1_69' title='bbox 435 980 563 1032; x_wconf 93' lang='lat' dir='ltr'><strong>illud,</strong></span> <span class='ocrx_word' id='word_1_70' title='bbox 587 980 785 1023; x_wconf 89' lang='lat' dir='ltr'><strong>videlicet</strong></span> <span class='ocrx_word' id='word_1_71' title='bbox 811 980 929 1039; x_wconf 91' lang='lat' dir='ltr'><strong>quod</strong></span> <span class='ocrx_word' id='word_1_72' title='bbox 957 980 1144 1022; x_wconf 84' lang='lat' dir='ltr'><strong>ministri</strong></span> <span class='ocrx_word' id='word_1_73' title='bbox 1172 980 1235 1022; x_wconf 90' lang='lat' dir='ltr'><strong>tui</strong></span> <span class='ocrx_word' id='word_1_74' title='bbox 1261 980 1441 1038; x_wconf 86' lang='lat' dir='ltr'><strong>capiunt</strong></span> <span class='ocrx_word' id='word_1_75' title='bbox 1479 980 1629 1031; x_wconf 85' lang='lat' dir='ltr'><strong>multa,</strong></span> <span class='ocrx_word' id='word_1_76' title='bbox 1669 979 1775 1038; x_wconf 88' lang='lat' dir='ltr'><strong>ipsis</strong></span> <span class='ocrx_word' id='word_1_77' title='bbox 1812 979 1959 1022; x_wconf 89' lang='lat' dir='ltr'><strong>invitis</strong></span> 
     </span>
     <span class='ocr_line' id='line_1_10' title="bbox 436 1050 1957 1110; baseline -0.001 -16"><span class='ocrx_word' id='word_1_78' title='bbox 436 1067 624 1110; x_wconf 89' lang='lat' dir='ltr'><strong>quorum</strong></span> <span class='ocrx_word' id='word_1_79' title='bbox 651 1062 754 1093; x_wconf 90' lang='lat' dir='ltr'><strong>sunt</strong></span> <span class='ocrx_word' id='word_1_80' title='bbox 774 1052 902 1094; x_wconf 89' lang='lat' dir='ltr'><strong>bona.</strong></span> <span class='ocrx_word' id='word_1_81' title='bbox 934 1051 989 1093; x_wconf 91' lang='lat' dir='ltr'><strong>Et</strong></span> <span class='ocrx_word' id='word_1_82' title='bbox 1009 1051 1126 1109; x_wconf 89' lang='lat' dir='ltr'><strong>quod</strong></span> <span class='ocrx_word' id='word_1_83' title='bbox 1147 1050 1257 1093; x_wconf 92' lang='lat' dir='ltr'><strong>illud</strong></span> <span class='ocrx_word' id='word_1_84' title='bbox 1279 1051 1335 1093; x_wconf 87' lang='lat' dir='ltr'><strong>sit</strong></span> <span class='ocrx_word' id='word_1_85' title='bbox 1360 1061 1596 1109; x_wconf 84' lang='lat' dir='ltr'><strong>peccatum,</strong></span> <span class='ocrx_word' id='word_1_86' title='bbox 1621 1050 1722 1093; x_wconf 89' lang='lat' dir='ltr'><strong>satis</strong></span> <span class='ocrx_word' id='word_1_87' title='bbox 1738 1061 1802 1092; x_wconf 93' lang='lat' dir='ltr'><strong>est</strong></span> <span class='ocrx_word' id='word_1_88' title='bbox 1827 1066 1957 1109; x_wconf 91' lang='lat' dir='ltr'><strong>supe-</strong></span> 
     </span>
     <span class='ocr_line' id='line_1_11' title="bbox 437 1123 765 1165; baseline 0 -1"><span class='ocrx_word' id='word_1_89' title='bbox 437 1123 528 1165; x_wconf 92' lang='lat' dir='ltr'><strong>rius</strong></span> <span class='ocrx_word' id='word_1_90' title='bbox 552 1133 765 1165; x_wconf 87' lang='lat' dir='ltr'><strong>notatum.</strong></span> 
     </span>
    </p>
   </div>
   <div class='ocr_carea' id='block_1_4' title="bbox 436 1261 1965 2525">
    <p class='ocr_par' dir='ltr' id='par_1_4' title="bbox 436 1261 1965 2525">
     <span class='ocr_line' id='line_1_12' title="bbox 495 1261 1962 1321; baseline -0.003 -12"><span class='ocrx_word' id='word_1_91' title='bbox 495 1261 629 1309; x_wconf 86' lang='lat' dir='ltr'>XLI.</span> <span class='ocrx_word' id='word_1_92' title='bbox 666 1263 789 1314; x_wconf 87' lang='lat' dir='ltr'><strong>Item,</strong></span> <span class='ocrx_word' id='word_1_93' title='bbox 815 1262 1064 1304; x_wconf 89' lang='lat' dir='ltr'><strong>memoriter</strong></span> <span class='ocrx_word' id='word_1_94' title='bbox 1090 1277 1347 1320; x_wconf 88' lang='lat' dir='ltr'><strong>recognosce</strong></span> <span class='ocrx_word' id='word_1_95' title='bbox 1367 1273 1409 1304; x_wconf 90' lang='lat' dir='ltr'><strong>et</strong></span> <span class='ocrx_word' id='word_1_96' title='bbox 1423 1262 1659 1320; x_wconf 88' lang='lat' dir='ltr'><strong>regraciare</strong></span> <span class='ocrx_word' id='word_1_97' title='bbox 1680 1263 1791 1316; x_wconf 91' lang='lat' dir='ltr'><strong>Deo,</strong></span> <span class='ocrx_word' id='word_1_98' title='bbox 1832 1277 1962 1321; x_wconf 93' lang='lat' dir='ltr'><strong>super</strong></span> 
     </span>
     <span class='ocr_line' id='line_1_13' title="bbox 438 1332 1960 1391; baseline 0 -15"><span class='ocrx_word' id='word_1_99' title='bbox 438 1333 660 1376; x_wconf 88' lang='lat' dir='ltr'><strong>beneficiis</strong></span> <span class='ocrx_word' id='word_1_100' title='bbox 686 1333 791 1385; x_wconf 91' lang='lat' dir='ltr'><strong>suis,</strong></span> <span class='ocrx_word' id='word_1_101' title='bbox 822 1343 864 1375; x_wconf 87' lang='lat' dir='ltr'><strong>et</strong></span> <span class='ocrx_word' id='word_1_102' title='bbox 884 1332 1059 1375; x_wconf 90' lang='lat' dir='ltr'><strong>attende</strong></span> <span class='ocrx_word' id='word_1_103' title='bbox 1092 1332 1210 1391; x_wconf 94' lang='lat' dir='ltr'><strong>quod</strong></span> <span class='ocrx_word' id='word_1_104' title='bbox 1237 1348 1424 1391; x_wconf 85' lang='lat' dir='ltr'><strong>expense</strong></span> <span class='ocrx_word' id='word_1_105' title='bbox 1459 1332 1613 1375; x_wconf 90' lang='lat' dir='ltr'><strong>domus</strong></span> <span class='ocrx_word' id='word_1_106' title='bbox 1641 1344 1715 1376; x_wconf 89' lang='lat' dir='ltr'><strong>tue</strong></span> <span class='ocrx_word' id='word_1_107' title='bbox 1740 1349 1839 1375; x_wconf 91' lang='lat' dir='ltr'><strong>cum</strong></span> <span class='ocrx_word' id='word_1_108' title='bbox 1871 1348 1960 1376; x_wconf 90' lang='lat' dir='ltr'><strong>mo-</strong></span> 
     </span>
     <span class='ocr_line' id='line_1_14' title="bbox 436 1402 1960 1462; baseline -0.001 -16"><span class='ocrx_word' id='word_1_109' title='bbox 436 1404 659 1446; x_wconf 86' lang='lat' dir='ltr'><strong>deramine</strong></span> <span class='ocrx_word' id='word_1_110' title='bbox 683 1403 804 1446; x_wconf 87' lang='lat' dir='ltr'><strong>fiant.</strong></span> <span class='ocrx_word' id='word_1_111' title='bbox 831 1403 916 1445; x_wconf 93' lang='lat' dir='ltr'><strong>Sed</strong></span> <span class='ocrx_word' id='word_1_112' title='bbox 937 1402 1146 1462; x_wconf 85' lang='lat' dir='ltr'><strong>intellige,</strong></span> <span class='ocrx_word' id='word_1_113' title='bbox 1162 1403 1337 1445; x_wconf 90' lang='lat' dir='ltr'><strong>domine</strong></span> <span class='ocrx_word' id='word_1_114' title='bbox 1357 1419 1447 1457; x_wconf 91' lang='lat' dir='ltr'><strong>rex,</strong></span> <span class='ocrx_word' id='word_1_115' title='bbox 1472 1403 1590 1462; x_wconf 91' lang='lat' dir='ltr'><strong>quod</strong></span> <span class='ocrx_word' id='word_1_116' title='bbox 1609 1419 1695 1446; x_wconf 92' lang='lat' dir='ltr'><strong>non</strong></span> <span class='ocrx_word' id='word_1_117' title='bbox 1710 1403 1960 1462; x_wconf 88' lang='lat' dir='ltr'><strong>regraciaris</strong></span> 
     </span>
     <span class='ocr_line' id='line_1_15' title="bbox 437 1474 1956 1533; baseline -0.001 -16"><span class='ocrx_word' id='word_1_118' title='bbox 437 1475 531 1517; x_wconf 94' lang='lat' dir='ltr'><strong>Deo</strong></span> <span class='ocrx_word' id='word_1_119' title='bbox 559 1490 691 1533; x_wconf 90' lang='lat' dir='ltr'><strong>super</strong></span> <span class='ocrx_word' id='word_1_120' title='bbox 711 1474 932 1516; x_wconf 88' lang='lat' dir='ltr'><strong>beneficiis</strong></span> <span class='ocrx_word' id='word_1_121' title='bbox 953 1474 1058 1526; x_wconf 88' lang='lat' dir='ltr'><strong>suis,</strong></span> <span class='ocrx_word' id='word_1_122' title='bbox 1095 1490 1147 1516; x_wconf 90' lang='lat' dir='ltr'><strong>ex</strong></span> <span class='ocrx_word' id='word_1_123' title='bbox 1173 1490 1261 1532; x_wconf 93' lang='lat' dir='ltr'><strong>quo</strong></span> <span class='ocrx_word' id='word_1_124' title='bbox 1294 1485 1357 1516; x_wconf 89' lang='lat' dir='ltr'><strong>tot</strong></span> <span class='ocrx_word' id='word_1_125' title='bbox 1402 1474 1609 1516; x_wconf 86' lang='lat' dir='ltr'><strong>beneficia</strong></span> <span class='ocrx_word' id='word_1_126' title='bbox 1641 1474 1830 1517; x_wconf 88' lang='lat' dir='ltr'><strong>contulit</strong></span> <span class='ocrx_word' id='word_1_127' title='bbox 1858 1474 1956 1527; x_wconf 91' lang='lat' dir='ltr'><strong>tibi,</strong></span> 
     </span>
     <span class='ocr_line' id='line_1_16' title="bbox 437 1545 1960 1604; baseline -0.001 -16"><span class='ocrx_word' id='word_1_128' title='bbox 437 1557 480 1588; x_wconf 91' lang='lat' dir='ltr'><strong>et</strong></span> <span class='ocrx_word' id='word_1_129' title='bbox 501 1556 547 1588; x_wconf 88' lang='lat' dir='ltr'><strong>tu</strong></span> <span class='ocrx_word' id='word_1_130' title='bbox 569 1545 785 1604; x_wconf 91' lang='lat' dir='ltr'><strong>permittis</strong></span> <span class='ocrx_word' id='word_1_131' title='bbox 806 1545 1027 1587; x_wconf 89' lang='lat' dir='ltr'><strong>ministros</strong></span> <span class='ocrx_word' id='word_1_132' title='bbox 1055 1556 1152 1587; x_wconf 84' lang='lat' dir='ltr'><strong>tuos</strong></span> <span class='ocrx_word' id='word_1_133' title='bbox 1172 1560 1324 1603; x_wconf 85' lang='lat' dir='ltr'><strong>capere</strong></span> <span class='ocrx_word' id='word_1_134' title='bbox 1343 1545 1477 1587; x_wconf 87' lang='lat' dir='ltr'><strong>multa</strong></span> <span class='ocrx_word' id='word_1_135' title='bbox 1500 1546 1615 1587; x_wconf 88' lang='lat' dir='ltr'><strong>bona</strong></span> <span class='ocrx_word' id='word_1_136' title='bbox 1641 1561 1662 1587; x_wconf 87' lang='lat' dir='ltr'><strong>a</strong></span> <span class='ocrx_word' id='word_1_137' title='bbox 1692 1545 1960 1603; x_wconf 88' lang='lat' dir='ltr'><strong>pauperibus</strong></span> 
     </span>
     <span class='ocr_line' id='line_1_17' title="bbox 437 1615 1956 1675; baseline -0.001 -17"><span class='ocrx_word' id='word_1_138' title='bbox 437 1616 629 1675; x_wconf 88' lang='lat' dir='ltr'><strong>hospicia</strong></span> <span class='ocrx_word' id='word_1_139' title='bbox 652 1616 918 1667; x_wconf 87' lang='lat' dir='ltr'><strong>tenentibus,</strong></span> <span class='ocrx_word' id='word_1_140' title='bbox 942 1616 1104 1674; x_wconf 89' lang='lat' dir='ltr'><strong>quibus</strong></span> <span class='ocrx_word' id='word_1_141' title='bbox 1127 1615 1237 1658; x_wconf 88' lang='lat' dir='ltr'><strong>foret</strong></span> <span class='ocrx_word' id='word_1_142' title='bbox 1263 1616 1413 1674; x_wconf 90' lang='lat' dir='ltr'><strong>pocius</strong></span> <span class='ocrx_word' id='word_1_143' title='bbox 1433 1616 1598 1674; x_wconf 87' lang='lat' dir='ltr'><strong>aliquid</strong></span> <span class='ocrx_word' id='word_1_144' title='bbox 1626 1615 1956 1667; x_wconf 86' lang='lat' dir='ltr'><strong>conferendum,</strong></span> 
     </span>
     <span class='ocr_line' id='line_1_18' title="bbox 438 1685 1963 1745; baseline 0 -17"><span class='ocrx_word' id='word_1_145' title='bbox 438 1685 603 1729; x_wconf 90' lang='lat' dir='ltr'><strong>intuitu</strong></span> <span class='ocrx_word' id='word_1_146' title='bbox 631 1686 871 1730; x_wconf 86' lang='lat' dir='ltr'><strong>charitatis.</strong></span> <span class='ocrx_word' id='word_1_147' title='bbox 902 1687 968 1728; x_wconf 94' lang='lat' dir='ltr'><strong>De</strong></span> <span class='ocrx_word' id='word_1_148' title='bbox 995 1687 1194 1745; x_wconf 87' lang='lat' dir='ltr'><strong>expensis</strong></span> <span class='ocrx_word' id='word_1_149' title='bbox 1230 1697 1373 1729; x_wconf 89' lang='lat' dir='ltr'><strong>autem</strong></span> <span class='ocrx_word' id='word_1_150' title='bbox 1400 1686 1555 1729; x_wconf 92' lang='lat' dir='ltr'><strong>domus</strong></span> <span class='ocrx_word' id='word_1_151' title='bbox 1584 1697 1672 1739; x_wconf 90' lang='lat' dir='ltr'><strong>tue,</strong></span> <span class='ocrx_word' id='word_1_152' title='bbox 1707 1685 1826 1744; x_wconf 89' lang='lat' dir='ltr'><strong>quod</strong></span> <span class='ocrx_word' id='word_1_153' title='bbox 1856 1685 1963 1728; x_wconf 88' lang='lat' dir='ltr'><strong>fiant</strong></span> 
     </span>
     <span class='ocr_line' id='line_1_19' title="bbox 438 1756 1961 1816; baseline -0.001 -16"><span class='ocrx_word' id='word_1_154' title='bbox 438 1773 536 1800; x_wconf 89' lang='lat' dir='ltr'><strong>cum</strong></span> <span class='ocrx_word' id='word_1_155' title='bbox 563 1757 871 1800; x_wconf 89' lang='lat' dir='ltr'><strong>moderamine.</strong></span> <span class='ocrx_word' id='word_1_156' title='bbox 902 1757 1011 1800; x_wconf 89' lang='lat' dir='ltr'><strong>Dico</strong></span> <span class='ocrx_word' id='word_1_157' title='bbox 1030 1757 1126 1811; x_wconf 89' lang='lat' dir='ltr'><strong>tibi,</strong></span> <span class='ocrx_word' id='word_1_158' title='bbox 1150 1757 1329 1800; x_wconf 92' lang='lat' dir='ltr'><strong>domino</strong></span> <span class='ocrx_word' id='word_1_159' title='bbox 1346 1757 1450 1816; x_wconf 83' lang='lat' dir='ltr'><strong>regi,</strong></span> <span class='ocrx_word' id='word_1_160' title='bbox 1475 1757 1593 1816; x_wconf 91' lang='lat' dir='ltr'><strong>quod</strong></span> <span class='ocrx_word' id='word_1_161' title='bbox 1611 1773 1697 1799; x_wconf 89' lang='lat' dir='ltr'><strong>non</strong></span> <span class='ocrx_word' id='word_1_162' title='bbox 1721 1768 1784 1799; x_wconf 91' lang='lat' dir='ltr'><strong>est</strong></span> <span class='ocrx_word' id='word_1_163' title='bbox 1805 1756 1961 1815; x_wconf 90' lang='lat' dir='ltr'><strong>aliquis</strong></span> 
     </span>
     <span class='ocr_line' id='line_1_20' title="bbox 439 1828 1960 1887; baseline 0 -17"><span class='ocrx_word' id='word_1_164' title='bbox 439 1828 569 1871; x_wconf 91' lang='lat' dir='ltr'><strong>homo</strong></span> <span class='ocrx_word' id='word_1_165' title='bbox 597 1829 641 1870; x_wconf 92' lang='lat' dir='ltr'><strong>in</strong></span> <span class='ocrx_word' id='word_1_166' title='bbox 670 1839 780 1870; x_wconf 86' lang='lat' dir='ltr'><strong>terra</strong></span> <span class='ocrx_word' id='word_1_167' title='bbox 813 1828 909 1879; x_wconf 85' lang='lat' dir='ltr'><strong>ista,</strong></span> <span class='ocrx_word' id='word_1_168' title='bbox 940 1829 1017 1887; x_wconf 91' lang='lat' dir='ltr'><strong>qui</strong></span> <span class='ocrx_word' id='word_1_169' title='bbox 1044 1828 1142 1887; x_wconf 91' lang='lat' dir='ltr'><strong>plus</strong></span> <span class='ocrx_word' id='word_1_170' title='bbox 1176 1828 1344 1887; x_wconf 87' lang='lat' dir='ltr'><strong>indiget</strong></span> <span class='ocrx_word' id='word_1_171' title='bbox 1375 1844 1505 1886; x_wconf 87' lang='lat' dir='ltr'><strong>quam</strong></span> <span class='ocrx_word' id='word_1_172' title='bbox 1535 1839 1598 1881; x_wconf 90' lang='lat' dir='ltr'><strong>tu,</strong></span> <span class='ocrx_word' id='word_1_173' title='bbox 1623 1844 1753 1886; x_wconf 88' lang='lat' dir='ltr'><strong>quam</strong></span> <span class='ocrx_word' id='word_1_174' title='bbox 1773 1843 1960 1886; x_wconf 83' lang='lat' dir='ltr'><strong>expense</strong></span> 
     </span>
     <span class='ocr_line' id='line_1_21' title="bbox 440 1899 1963 1958; baseline -0.001 -16"><span class='ocrx_word' id='word_1_175' title='bbox 440 1900 596 1942; x_wconf 90' lang='lat' dir='ltr'><strong>domus</strong></span> <span class='ocrx_word' id='word_1_176' title='bbox 617 1916 693 1942; x_wconf 87' lang='lat' dir='ltr'><strong>sue</strong></span> <span class='ocrx_word' id='word_1_177' title='bbox 721 1899 827 1941; x_wconf 90' lang='lat' dir='ltr'><strong>fiant</strong></span> <span class='ocrx_word' id='word_1_178' title='bbox 851 1915 949 1941; x_wconf 91' lang='lat' dir='ltr'><strong>cum</strong></span> <span class='ocrx_word' id='word_1_179' title='bbox 971 1899 1279 1952; x_wconf 88' lang='lat' dir='ltr'><strong>moderamine,</strong></span> <span class='ocrx_word' id='word_1_180' title='bbox 1310 1900 1410 1958; x_wconf 87' lang='lat' dir='ltr'><strong>quia</strong></span> <span class='ocrx_word' id='word_1_181' title='bbox 1432 1916 1519 1942; x_wconf 89' lang='lat' dir='ltr'><strong>non</strong></span> <span class='ocrx_word' id='word_1_182' title='bbox 1541 1910 1605 1942; x_wconf 91' lang='lat' dir='ltr'><strong>est</strong></span> <span class='ocrx_word' id='word_1_183' title='bbox 1621 1899 1779 1957; x_wconf 88' lang='lat' dir='ltr'><strong>aliquis</strong></span> <span class='ocrx_word' id='word_1_184' title='bbox 1800 1899 1877 1956; x_wconf 91' lang='lat' dir='ltr'><strong>qui</strong></span> <span class='ocrx_word' id='word_1_185' title='bbox 1898 1909 1963 1940; x_wconf 94' lang='lat' dir='ltr'><strong>tot</strong></span> 
     </span>
     <span class='ocr_line' id='line_1_22' title="bbox 439 1970 1964 2029; baseline -0.001 -17"><span class='ocrx_word' id='word_1_186' title='bbox 439 1970 570 2012; x_wconf 89' lang='lat' dir='ltr'><strong>debet</strong></span> <span class='ocrx_word' id='word_1_187' title='bbox 590 1970 764 2024; x_wconf 81' lang='lat' dir='ltr'><strong>debita3</strong></span> <span class='ocrx_word' id='word_1_188' title='bbox 795 1981 838 2012; x_wconf 92' lang='lat' dir='ltr'><strong>et</strong></span> <span class='ocrx_word' id='word_1_189' title='bbox 863 1970 977 2022; x_wconf 91' lang='lat' dir='ltr'><strong>ideo,</strong></span> <span class='ocrx_word' id='word_1_190' title='bbox 1009 1970 1062 2012; x_wconf 90' lang='lat' dir='ltr'><strong>de</strong></span> <span class='ocrx_word' id='word_1_191' title='bbox 1081 1981 1238 2023; x_wconf 86' lang='lat' dir='ltr'><strong>cetero,</strong></span> <span class='ocrx_word' id='word_1_192' title='bbox 1269 1971 1379 2012; x_wconf 89' lang='lat' dir='ltr'><strong>bene</strong></span> <span class='ocrx_word' id='word_1_193' title='bbox 1399 1970 1623 2029; x_wconf 85' lang='lat' dir='ltr'><strong>provideas</strong></span> <span class='ocrx_word' id='word_1_194' title='bbox 1659 1970 1739 2012; x_wconf 91' lang='lat' dir='ltr'><strong>tibi</strong></span> <span class='ocrx_word' id='word_1_195' title='bbox 1778 1970 1877 2028; x_wconf 89' lang='lat' dir='ltr'><strong>ipsi,</strong></span> <span class='ocrx_word' id='word_1_196' title='bbox 1915 1979 1964 2011; x_wconf 91' lang='lat' dir='ltr'><strong>ut</strong></span> 
     </span>
     <span class='ocr_line' id='line_1_23' title="bbox 440 2040 1960 2100; baseline -0.001 -17"><span class='ocrx_word' id='word_1_197' title='bbox 440 2057 627 2100; x_wconf 87' lang='lat' dir='ltr'><strong>expense</strong></span> <span class='ocrx_word' id='word_1_198' title='bbox 653 2041 808 2083; x_wconf 89' lang='lat' dir='ltr'><strong>domus</strong></span> <span class='ocrx_word' id='word_1_199' title='bbox 836 2052 909 2084; x_wconf 89' lang='lat' dir='ltr'><strong>tue</strong></span> <span class='ocrx_word' id='word_1_200' title='bbox 929 2041 1035 2083; x_wconf 90' lang='lat' dir='ltr'><strong>fiant</strong></span> <span class='ocrx_word' id='word_1_201' title='bbox 1063 2057 1161 2083; x_wconf 92' lang='lat' dir='ltr'><strong>cum</strong></span> <span class='ocrx_word' id='word_1_202' title='bbox 1182 2041 1490 2094; x_wconf 83' lang='lat' dir='ltr'><strong>moderamine,</strong></span> <span class='ocrx_word' id='word_1_203' title='bbox 1512 2052 1690 2100; x_wconf 85' lang='lat' dir='ltr'><strong>propter</strong></span> <span class='ocrx_word' id='word_1_204' title='bbox 1704 2040 1848 2083; x_wconf 86' lang='lat' dir='ltr'><strong>debita</strong></span> <span class='ocrx_word' id='word_1_205' title='bbox 1872 2051 1960 2092; x_wconf 89' lang='lat' dir='ltr'><strong>tua,</strong></span> 
     </span>
     <span class='ocr_line' id='line_1_24' title="bbox 439 2111 1962 2170; baseline -0.001 -16"><span class='ocrx_word' id='word_1_206' title='bbox 439 2112 620 2154; x_wconf 87' lang='lat' dir='ltr'><strong>diversis</strong></span> <span class='ocrx_word' id='word_1_207' title='bbox 658 2123 699 2154; x_wconf 88' lang='lat' dir='ltr'><strong>et</strong></span> <span class='ocrx_word' id='word_1_208' title='bbox 731 2112 880 2154; x_wconf 81' lang='lat' dir='ltr'><strong>multis</strong></span> <span class='ocrx_word' id='word_1_209' title='bbox 915 2112 1204 2154; x_wconf 84' lang='lat' dir='ltr'><strong>creditoribus</strong></span> <span class='ocrx_word' id='word_1_210' title='bbox 1243 2112 1540 2170; x_wconf 87' lang='lat' dir='ltr'><strong>persolvenda.</strong></span> <span class='ocrx_word' id='word_1_211' title='bbox 1581 2111 1692 2154; x_wconf 87' lang='lat' dir='ltr'><strong>Vide</strong></span> <span class='ocrx_word' id='word_1_212' title='bbox 1735 2111 1962 2153; x_wconf 90' lang='lat' dir='ltr'><strong>dominum</strong></span> 
     </span>
     <span class='ocr_line' id='line_1_25' title="bbox 440 2183 1964 2241; baseline -0.001 -17"><span class='ocrx_word' id='word_1_213' title='bbox 440 2198 582 2241; x_wconf 88' lang='lat' dir='ltr'><strong>regem</strong></span> <span class='ocrx_word' id='word_1_214' title='bbox 603 2183 796 2236; x_wconf 86' lang='lat' dir='ltr'><strong>Francie,</strong></span> <span class='ocrx_word' id='word_1_215' title='bbox 820 2194 986 2241; x_wconf 90' lang='lat' dir='ltr'><strong>quanto</strong></span> <span class='ocrx_word' id='word_1_216' title='bbox 1008 2183 1317 2234; x_wconf 87' lang='lat' dir='ltr'><strong>moderamine,</strong></span> <span class='ocrx_word' id='word_1_217' title='bbox 1338 2198 1468 2240; x_wconf 87' lang='lat' dir='ltr'><strong>quam</strong></span> <span class='ocrx_word' id='word_1_218' title='bbox 1495 2183 1726 2241; x_wconf 84' lang='lat' dir='ltr'><strong>sapienter,</strong></span> <span class='ocrx_word' id='word_1_219' title='bbox 1750 2196 1881 2240; x_wconf 90' lang='lat' dir='ltr'><strong>quam</strong></span> <span class='ocrx_word' id='word_1_220' title='bbox 1902 2197 1964 2223; x_wconf 87' lang='lat' dir='ltr'><strong>sa·</strong></span> 
     </span>
     <span class='ocr_line' id='line_1_26' title="bbox 440 2253 1962 2313; baseline -0.001 -18"><span class='ocrx_word' id='word_1_221' title='bbox 440 2254 615 2312; x_wconf 85' lang='lat' dir='ltr'><strong>gaciter,</strong></span> <span class='ocrx_word' id='word_1_222' title='bbox 646 2254 747 2296; x_wconf 87' lang='lat' dir='ltr'><strong>facit</strong></span> <span class='ocrx_word' id='word_1_223' title='bbox 763 2270 972 2313; x_wconf 89' lang='lat' dir='ltr'><strong>expensas</strong></span> <span class='ocrx_word' id='word_1_224' title='bbox 999 2270 1075 2296; x_wconf 91' lang='lat' dir='ltr'><strong>sue</strong></span> <span class='ocrx_word' id='word_1_225' title='bbox 1101 2253 1270 2297; x_wconf 91' lang='lat' dir='ltr'><strong>domus.</strong></span> <span class='ocrx_word' id='word_1_226' title='bbox 1298 2254 1350 2295; x_wconf 90' lang='lat' dir='ltr'><strong>Et</strong></span> <span class='ocrx_word' id='word_1_227' title='bbox 1371 2270 1421 2295; x_wconf 90' lang='lat' dir='ltr'><strong>ex</strong></span> <span class='ocrx_word' id='word_1_228' title='bbox 1449 2269 1537 2312; x_wconf 87' lang='lat' dir='ltr'><strong>quo</strong></span> <span class='ocrx_word' id='word_1_229' title='bbox 1563 2253 1655 2312; x_wconf 91' lang='lat' dir='ltr'><strong>ipse</strong></span> <span class='ocrx_word' id='word_1_230' title='bbox 1683 2253 1783 2295; x_wconf 81' lang='lat' dir='ltr'><strong>facit</strong></span> <span class='ocrx_word' id='word_1_231' title='bbox 1798 2253 1962 2311; x_wconf 87' lang='lat' dir='ltr'><strong>sapien-</strong></span> 
     </span>
     <span class='ocr_line' id='line_1_27' title="bbox 441 2323 1964 2383; baseline -0.001 -17"><span class='ocrx_word' id='word_1_232' title='bbox 441 2335 522 2377; x_wconf 89' lang='lat' dir='ltr'><strong>ter,</strong></span> <span class='ocrx_word' id='word_1_233' title='bbox 552 2324 732 2367; x_wconf 90' lang='lat' dir='ltr'><strong>consulo</strong></span> <span class='ocrx_word' id='word_1_234' title='bbox 758 2324 877 2383; x_wconf 89' lang='lat' dir='ltr'><strong>quod</strong></span> <span class='ocrx_word' id='word_1_235' title='bbox 906 2336 950 2367; x_wconf 92' lang='lat' dir='ltr'><strong>tu</strong></span> <span class='ocrx_word' id='word_1_236' title='bbox 991 2324 1117 2367; x_wconf 86' lang='lat' dir='ltr'><strong>facias</strong></span> <span class='ocrx_word' id='word_1_237' title='bbox 1145 2324 1356 2367; x_wconf 89' lang='lat' dir='ltr'><strong>similiter.</strong></span> <span class='ocrx_word' id='word_1_238' title='bbox 1390 2325 1444 2367; x_wconf 88' lang='lat' dir='ltr'><strong>Et</strong></span> <span class='ocrx_word' id='word_1_239' title='bbox 1482 2324 1563 2366; x_wconf 89' lang='lat' dir='ltr'><strong>hoc</strong></span> <span class='ocrx_word' id='word_1_240' title='bbox 1596 2324 1869 2382; x_wconf 87' lang='lat' dir='ltr'><strong>potissimum</strong></span> <span class='ocrx_word' id='word_1_241' title='bbox 1907 2323 1964 2365; x_wconf 90' lang='lat' dir='ltr'><strong>ob</strong></span> 
     </span>
     <span class='ocr_line' id='line_1_28' title="bbox 442 2395 1965 2450; baseline -0.001 -12"><span class='ocrx_word' id='word_1_242' title='bbox 442 2395 622 2438; x_wconf 87' lang='lat' dir='ltr'><strong>salutem</strong></span> <span class='ocrx_word' id='word_1_243' title='bbox 640 2396 783 2438; x_wconf 90' lang='lat' dir='ltr'><strong>anime</strong></span> <span class='ocrx_word' id='word_1_244' title='bbox 804 2407 893 2450; x_wconf 92' lang='lat' dir='ltr'><strong>tue,</strong></span> <span class='ocrx_word' id='word_1_245' title='bbox 926 2407 974 2438; x_wconf 89' lang='lat' dir='ltr'><strong>ut</strong></span> <span class='ocrx_word' id='word_1_246' title='bbox 1005 2411 1028 2437; x_wconf 87' lang='lat' dir='ltr'><strong>a</strong></span> <span class='ocrx_word' id='word_1_247' title='bbox 1063 2395 1242 2438; x_wconf 90' lang='lat' dir='ltr'><strong>diversis</strong></span> <span class='ocrx_word' id='word_1_248' title='bbox 1269 2407 1311 2438; x_wconf 92' lang='lat' dir='ltr'><strong>et</strong></span> <span class='ocrx_word' id='word_1_249' title='bbox 1342 2395 1609 2438; x_wconf 84' lang='lat' dir='ltr'><strong>multimodis</strong></span> <span class='ocrx_word' id='word_1_250' title='bbox 1648 2395 1805 2438; x_wconf 86' lang='lat' dir='ltr'><strong>debitis</strong></span> <span class='ocrx_word' id='word_1_251' title='bbox 1832 2395 1965 2438; x_wconf 89' lang='lat' dir='ltr'><strong>cicius</strong></span> 
     </span>
     <span class='ocr_line' id='line_1_29' title="bbox 443 2466 823 2525; baseline 0 -17"><span class='ocrx_word' id='word_1_252' title='bbox 443 2466 605 2525; x_wconf 88' lang='lat' dir='ltr'><strong>poteris</strong></span> <span class='ocrx_word' id='word_1_253' title='bbox 632 2466 823 2509; x_wconf 91' lang='lat' dir='ltr'><strong>liberari.</strong></span> 
     </span>
    </p>
   </div>
   <div class='ocr_carea' id='block_1_5' title="bbox 442 2604 1967 3159">
    <p class='ocr_par' dir='ltr' id='par_1_5' title="bbox 442 2604 1967 3159">
     <span class='ocr_line' id='line_1_30' title="bbox 502 2604 1966 2658; baseline -0.003 -6"><span class='ocrx_word' id='word_1_254' title='bbox 502 2604 660 2652; x_wconf 86' lang='lat' dir='ltr'>XLII.</span> <span class='ocrx_word' id='word_1_255' title='bbox 696 2607 819 2658; x_wconf 90' lang='lat' dir='ltr'><strong>Item,</strong></span> <span class='ocrx_word' id='word_1_256' title='bbox 861 2606 897 2648; x_wconf 88' lang='lat' dir='ltr'><strong>si</strong></span> <span class='ocrx_word' id='word_1_257' title='bbox 936 2606 1150 2648; x_wconf 89' lang='lat' dir='ltr'><strong>discedam</strong></span> <span class='ocrx_word' id='word_1_258' title='bbox 1189 2618 1289 2649; x_wconf 84' lang='lat' dir='ltr'><strong>ante</strong></span> <span class='ocrx_word' id='word_1_259' title='bbox 1327 2618 1383 2658; x_wconf 94' lang='lat' dir='ltr'><strong>te,</strong></span> <span class='ocrx_word' id='word_1_260' title='bbox 1414 2606 1512 2649; x_wconf 84' lang='lat' dir='ltr'><strong>volo</strong></span> <span class='ocrx_word' id='word_1_261' title='bbox 1539 2618 1588 2649; x_wconf 92' lang='lat' dir='ltr'><strong>ut</strong></span> <span class='ocrx_word' id='word_1_262' title='bbox 1618 2607 1746 2649; x_wconf 83' lang='lat' dir='ltr'><strong>facias</strong></span> <span class='ocrx_word' id='word_1_263' title='bbox 1778 2607 1966 2649; x_wconf 87' lang='lat' dir='ltr'><strong>animam</strong></span> 
     </span>
     <span class='ocr_line' id='line_1_31' title="bbox 443 2676 1962 2734; baseline -0.001 -15"><span class='ocrx_word' id='word_1_264' title='bbox 443 2692 581 2719; x_wconf 87' lang='lat' dir='ltr'><strong>meam</strong></span> <span class='ocrx_word' id='word_1_265' title='bbox 617 2676 803 2719; x_wconf 87' lang='lat' dir='ltr'><strong>fideliter</strong></span> <span class='ocrx_word' id='word_1_266' title='bbox 830 2677 974 2734; x_wconf 85' lang='lat' dir='ltr'><strong>juvari</strong></span> <span class='ocrx_word' id='word_1_267' title='bbox 1013 2677 1057 2718; x_wconf 91' lang='lat' dir='ltr'><strong>in</strong></span> <span class='ocrx_word' id='word_1_268' title='bbox 1096 2678 1252 2730; x_wconf 88' lang='lat' dir='ltr'><strong>missis,</strong></span> <span class='ocrx_word' id='word_1_269' title='bbox 1285 2678 1574 2729; x_wconf 82' lang='lat' dir='ltr'><strong>orationibus,</strong></span> <span class='ocrx_word' id='word_1_270' title='bbox 1614 2677 1877 2729; x_wconf 88' lang='lat' dir='ltr'><strong>elemosinis,</strong></span> <span class='ocrx_word' id='word_1_271' title='bbox 1919 2687 1962 2718; x_wconf 89' lang='lat' dir='ltr'><strong>et</strong></span> 
     </span>
     <span class='ocr_line' id='line_1_32' title="bbox 442 2746 1964 2807; baseline 0 -17"><span class='ocrx_word' id='word_1_272' title='bbox 442 2748 587 2790; x_wconf 86' lang='lat' dir='ltr'><strong>mittas</strong></span> <span class='ocrx_word' id='word_1_273' title='bbox 613 2764 689 2806; x_wconf 88' lang='lat' dir='ltr'><strong>per</strong></span> <span class='ocrx_word' id='word_1_274' title='bbox 714 2759 879 2790; x_wconf 86' lang='lat' dir='ltr'><strong>sanctas</strong></span> <span class='ocrx_word' id='word_1_275' title='bbox 899 2749 1250 2806; x_wconf 85' lang='lat' dir='ltr'><strong>congregationes</strong></span> <span class='ocrx_word' id='word_1_276' title='bbox 1272 2748 1393 2807; x_wconf 89' lang='lat' dir='ltr'><strong>regni</strong></span> <span class='ocrx_word' id='word_1_277' title='bbox 1413 2748 1467 2790; x_wconf 90' lang='lat' dir='ltr'><strong>ad</strong></span> <span class='ocrx_word' id='word_1_278' title='bbox 1492 2747 1737 2790; x_wconf 85' lang='lat' dir='ltr'><strong>orationum</strong></span> <span class='ocrx_word' id='word_1_279' title='bbox 1761 2746 1964 2806; x_wconf 83' lang='lat' dir='ltr'><strong>suffragia</strong></span> 
     </span>
     <span class='ocr_line' id='line_1_33' title="bbox 443 2818 1967 2877; baseline 0 -18"><span class='ocrx_word' id='word_1_280' title='bbox 443 2818 749 2877; x_wconf 90' lang='lat' dir='ltr'><strong>impendenda.</strong></span> <span class='ocrx_word' id='word_1_281' title='bbox 783 2819 837 2860; x_wconf 90' lang='lat' dir='ltr'><strong>Et</strong></span> <span class='ocrx_word' id='word_1_282' title='bbox 864 2818 944 2861; x_wconf 90' lang='lat' dir='ltr'><strong>hoc</strong></span> <span class='ocrx_word' id='word_1_283' title='bbox 981 2818 1094 2860; x_wconf 91' lang='lat' dir='ltr'><strong>idem</strong></span> <span class='ocrx_word' id='word_1_284' title='bbox 1129 2818 1308 2861; x_wconf 88' lang='lat' dir='ltr'><strong>consulo</strong></span> <span class='ocrx_word' id='word_1_285' title='bbox 1334 2818 1453 2877; x_wconf 91' lang='lat' dir='ltr'><strong>quod</strong></span> <span class='ocrx_word' id='word_1_286' title='bbox 1478 2829 1524 2860; x_wconf 94' lang='lat' dir='ltr'><strong>tu</strong></span> <span class='ocrx_word' id='word_1_287' title='bbox 1559 2818 1701 2870; x_wconf 85' lang='lat' dir='ltr'><strong>facias,</strong></span> <span class='ocrx_word' id='word_1_288' title='bbox 1731 2833 1811 2877; x_wconf 86' lang='lat' dir='ltr'><strong>pro</strong></span> <span class='ocrx_word' id='word_1_289' title='bbox 1845 2828 1967 2876; x_wconf 89' lang='lat' dir='ltr'><strong>patre</strong></span> 
     </span>
     <span class='ocr_line' id='line_1_34' title="bbox 443 2889 1965 2947; baseline 0 -16"><span class='ocrx_word' id='word_1_290' title='bbox 443 2899 535 2939; x_wconf 87' lang='lat' dir='ltr'><strong>tu0,</strong></span> <span class='ocrx_word' id='word_1_291' title='bbox 561 2900 603 2931; x_wconf 90' lang='lat' dir='ltr'><strong>et</strong></span> <span class='ocrx_word' id='word_1_292' title='bbox 629 2905 712 2931; x_wconf 88' lang='lat' dir='ltr'><strong>una</strong></span> <span class='ocrx_word' id='word_1_293' title='bbox 738 2905 835 2931; x_wconf 90' lang='lat' dir='ltr'><strong>cum</strong></span> <span class='ocrx_word' id='word_1_294' title='bbox 855 2889 951 2942; x_wconf 89' lang='lat' dir='ltr'><strong>hoc,</strong></span> <span class='ocrx_word' id='word_1_295' title='bbox 983 2889 1110 2931; x_wconf 82' lang='lat' dir='ltr'><strong>facias</strong></span> <span class='ocrx_word' id='word_1_296' title='bbox 1139 2890 1269 2931; x_wconf 87' lang='lat' dir='ltr'><strong>statui</strong></span> <span class='ocrx_word' id='word_1_297' title='bbox 1295 2900 1338 2931; x_wconf 91' lang='lat' dir='ltr'><strong>et</strong></span> <span class='ocrx_word' id='word_1_298' title='bbox 1364 2889 1572 2939; x_wconf 89' lang='lat' dir='ltr'><strong>ordinari,</strong></span> <span class='ocrx_word' id='word_1_299' title='bbox 1609 2904 1687 2947; x_wconf 87' lang='lat' dir='ltr'><strong>pro</strong></span> <span class='ocrx_word' id='word_1_300' title='bbox 1714 2889 1856 2930; x_wconf 86' lang='lat' dir='ltr'><strong>anima</strong></span> <span class='ocrx_word' id='word_1_301' title='bbox 1889 2903 1965 2947; x_wconf 84' lang='lat' dir='ltr'><strong>pa-</strong></span> 
     </span>
     <span class='ocr_line' id='line_1_35' title="bbox 444 2957 1965 3018; baseline -0.001 -17"><span class='ocrx_word' id='word_1_302' title='bbox 444 2959 522 3002; x_wconf 87' lang='lat' dir='ltr'><strong>tris</strong></span> <span class='ocrx_word' id='word_1_303' title='bbox 544 2959 624 3011; x_wconf 87' lang='lat' dir='ltr'><strong>tui,</strong></span> <span class='ocrx_word' id='word_1_304' title='bbox 649 2960 749 3017; x_wconf 90' lang='lat' dir='ltr'><strong>quia</strong></span> <span class='ocrx_word' id='word_1_305' title='bbox 770 2959 954 3002; x_wconf 89' lang='lat' dir='ltr'><strong>multum</strong></span> <span class='ocrx_word' id='word_1_306' title='bbox 972 2959 1153 3018; x_wconf 87' lang='lat' dir='ltr'><strong>indiget,</strong></span> <span class='ocrx_word' id='word_1_307' title='bbox 1172 2971 1214 3002; x_wconf 93' lang='lat' dir='ltr'><strong>et</strong></span> <span class='ocrx_word' id='word_1_308' title='bbox 1235 2976 1312 3018; x_wconf 89' lang='lat' dir='ltr'><strong>pro</strong></span> <span class='ocrx_word' id='word_1_309' title='bbox 1330 2959 1563 3002; x_wconf 87' lang='lat' dir='ltr'><strong>salvatione</strong></span> <span class='ocrx_word' id='word_1_310' title='bbox 1580 2960 1721 3002; x_wconf 86' lang='lat' dir='ltr'><strong>anime</strong></span> <span class='ocrx_word' id='word_1_311' title='bbox 1738 2970 1826 3011; x_wconf 91' lang='lat' dir='ltr'><strong>tue,</strong></span> <span class='ocrx_word' id='word_1_312' title='bbox 1846 2957 1965 3017; x_wconf 92' lang='lat' dir='ltr'><strong>quod</strong></span> 
     </span>
     <span class='ocr_line' id='line_1_36' title="bbox 445 3028 1959 3089; baseline 0 -18"><span class='ocrx_word' id='word_1_313' title='bbox 445 3028 499 3071; x_wconf 94' lang='lat' dir='ltr'><strong>de</strong></span> <span class='ocrx_word' id='word_1_314' title='bbox 523 3040 681 3083; x_wconf 86' lang='lat' dir='ltr'><strong>cetero,</strong></span> <span class='ocrx_word' id='word_1_315' title='bbox 714 3029 860 3072; x_wconf 90' lang='lat' dir='ltr'><strong>nullus</strong></span> <span class='ocrx_word' id='word_1_316' title='bbox 881 3029 934 3072; x_wconf 92' lang='lat' dir='ltr'><strong>de</strong></span> <span class='ocrx_word' id='word_1_317' title='bbox 953 3031 1070 3073; x_wconf 84' lang='lat' dir='ltr'><strong>curia</strong></span> <span class='ocrx_word' id='word_1_318' title='bbox 1091 3042 1178 3082; x_wconf 90' lang='lat' dir='ltr'><strong>tua,</strong></span> <span class='ocrx_word' id='word_1_319' title='bbox 1211 3046 1287 3073; x_wconf 92' lang='lat' dir='ltr'><strong>nec</strong></span> <span class='ocrx_word' id='word_1_320' title='bbox 1307 3031 1570 3089; x_wconf 88' lang='lat' dir='ltr'><strong>quicumque</strong></span> <span class='ocrx_word' id='word_1_321' title='bbox 1580 3030 1707 3081; x_wconf 89' lang='lat' dir='ltr'><strong>alius,</strong></span> <span class='ocrx_word' id='word_1_322' title='bbox 1727 3029 1868 3088; x_wconf 88' lang='lat' dir='ltr'><strong>capiat</strong></span> <span class='ocrx_word' id='word_1_323' title='bbox 1892 3044 1959 3071; x_wconf 89' lang='lat' dir='ltr'><strong>res</strong></span> 
     </span>
     <span class='ocr_line' id='line_1_37' title="bbox 445 3099 1959 3159; baseline -0.001 -15"><span class='ocrx_word' id='word_1_324' title='bbox 445 3099 644 3159; x_wconf 84' lang='lat' dir='ltr'><strong>alicujus,</strong></span> <span class='ocrx_word' id='word_1_325' title='bbox 666 3111 814 3143; x_wconf 82' lang='lat' dir='ltr'><strong>contra</strong></span> <span class='ocrx_word' id='word_1_326' title='bbox 836 3117 956 3144; x_wconf 90' lang='lat' dir='ltr'><strong>suam</strong></span> <span class='ocrx_word' id='word_1_327' title='bbox 979 3101 1260 3145; x_wconf 81' lang='lat' dir='ltr'><strong>voluntatem.</strong></span> <span class='ocrx_word' id='word_1_328' title='bbox 1286 3101 1416 3156; x_wconf 89' lang='lat' dir='ltr'><strong>Quod</strong></span> <span class='ocrx_word' id='word_1_329' title='bbox 1435 3102 1469 3144; x_wconf 92' lang='lat' dir='ltr'><strong>si</strong></span> <span class='ocrx_word' id='word_1_330' title='bbox 1489 3101 1680 3144; x_wconf 87' lang='lat' dir='ltr'><strong>nolueris</strong></span> <span class='ocrx_word' id='word_1_331' title='bbox 1698 3100 1781 3143; x_wconf 90' lang='lat' dir='ltr'><strong>hoc</strong></span> <span class='ocrx_word' id='word_1_332' title='bbox 1803 3099 1959 3153; x_wconf 86' lang='lat' dir='ltr'><strong>facere,</strong></span> 
     </span>
    </p>
   </div>
  </div>
 </body>
</html>
