2314 3736
982 331 1221 373 -111—

394 421 478 468 33.
514 422 676 464 Mirum
698 432 762 464 est
787 422 906 480 quod
928 422 1064 480 aliqui
1085 422 1255 480 prelati,
1280 437 1382 464 sane
1405 420 1577 472 mentis,
1603 419 1862 478 hujusmodi

335 494 458 536 factis
489 503 818 545 consenserunt,
843 508 942 535 cum
973 505 1015 535 et
1041 493 1125 551 ipsi
1152 494 1415 535 tenebantur
1443 491 1761 550 reprehendere
1798 507 1861 533 re-

333 579 447 623 gem,
478 573 520 605 et
551 579 856 621 quemcunque
886 563 1036 615 alium,
1068 563 1168 606 talia
1197 563 1424 605 facientem
1453 573 1495 604 et
1521 563 1726 620 precipue
1759 578 1862 620 pro-

335 634 453 693 prios
473 634 721 693 servientes.
751 635 879 676 Juxta
904 634 1014 676 illud
1045 635 1145 679 Eze.
1179 634 1224 691 iij
1258 644 1301 675 et
1330 633 1445 690 xxxij
1473 650 1480 675 :
1510 634 1560 675 Si
1585 649 1673 674 non
1695 649 1861 675 annun-

333 709 518 748 ciaveris
548 707 675 761 impio
708 714 753 746 ut
788 714 1018 747 aver-tatur
1049 722 1076 746 a
1115 708 1182 747 via
1210 720 1292 746 sua
1325 707 1474 761 impia,
1517 713 1558 746 et
1592 710 1735 747 vivat:
1775 707 1864 764 ipse

334 778 493 833 impius
525 778 569 816 in
606 778 825 832 impietate
859 791 941 817 sua
965 779 1186 828 morietur,
1224 785 1265 817 et
1289 781 1366 827 sic,
1396 781 1650 833 sanguinem
1688 777 1783 832 ejus
1812 776 1865 817 de

335 861 463 887 manu
489 855 567 887 tua
594 849 833 904 requiram.
864 847 913 888 Si
943 856 1086 888 autem
1116 854 1161 889 tu
1189 849 1527 888 annunciaveris
1559 848 1690 903 impio
1722 855 1763 887 et
1791 846 1865 888 ille

334 932 419 958 non
447 917 586 975 suerit
616 932 848 960 conversus
882 918 936 959 ab
974 921 1195 975 impietate
1217 933 1301 959 sua
1337 927 1378 959 et
1415 934 1442 958 a
1469 920 1539 960 via
1566 932 1651 958 sua
1677 919 1813 974 impia
1827 921 1861 960 α.

335 987 467 1029 Extra
494 988 547 1029 de
566 988 625 1046 of.
651 988 761 1030 ord’.
786 987 1105 1047 [irrefragabili]
1125 988 1318 1046 capitulo
1346 988 1502 1030 ultimo
1516 985 1546 1040 ⁶,
1570 987 1663 1045 ipse
1683 987 1862 1045 quidem

336 1057 562 1111 morietur,
586 1069 633 1100 tu
654 1069 800 1100 autem
821 1059 1010 1100 animam
1033 1069 1152 1101 tuam
1185 1059 1393 1101 liberasti.
1419 1059 1526 1100 Nam
1554 1058 1682 1116 culpe
1709 1058 1862 1100 subdi-

334 1139 480 1170 torum
500 1129 758 1187 imputande
777 1140 879 1171 sunt
910 1130 1174 1189 negligencie
1205 1129 1472 1188 prelatorum
1500 1129 1676 1187 quando
1711 1129 1864 1187 prelati

334 1210 437 1241 sunt
457 1199 723 1257 negligentes
754 1200 865 1241 circa
894 1201 1212 1243 correccionem
1240 1216 1390 1242 eorum
1411 1219 1420 1254 3
1444 1211 1487 1242 et
1514 1200 1710 1242 facientis
1733 1200 1864 1241 habet

332 1269 520 1328 culpam,
562 1270 639 1328 qui
674 1270 793 1328 quod
833 1282 975 1329 potest
1014 1271 1228 1330 corrigere
1260 1271 1440 1329 negligit
1482 1270 1728 1323 emendare,
1784 1286 1863 1312 nec

333 1351 448 1382 caret
474 1341 679 1399 scrupulo
707 1342 920 1384 societatis
948 1342 1090 1384 oculte
1115 1343 1193 1400 qui
1220 1342 1452 1383 manifesto
1486 1341 1666 1383 facinori
1702 1341 1863 1383 desinit

335 1411 524 1464 obviare,
555 1422 598 1453 et
626 1427 745 1453 error
773 1423 838 1454 est
863 1413 933 1454 cui
962 1429 1050 1454 non
1079 1413 1295 1454 resistitur
1308 1417 1336 1464 ⁰,
1373 1414 1525 1470 Lxxxvj
1559 1412 1656 1455 d'...
1689 1412 1865 1471 inferio-

336 1498 435 1524 rum
450 1480 481 1536 d,
515 1493 557 1524 et
584 1483 813 1540 capitulis3
841 1485 1043 1542 facientis
1055 1489 1082 1538 θ,
1108 1484 1136 1541 ij
1169 1485 1389 1542 negligere
1415 1483 1592 1540 Lxxxiij.
1626 1483 1708 1527 d...
1739 1498 1867 1525 error

335 1551 645 1610 approbaturs.
678 1555 733 1595 Et
759 1554 857 1596 ideo
889 1554 1079 1612 prelatus
1112 1554 1242 1596 debet
1270 1554 1502 1645 procedere
1531 1562 1683 1596 contra
1715 1570 1864 1612 quem-

336 1639 524 1682 cumque
566 1623 825 1682 spoliantem
858 1625 993 1668 alium
1033 1626 1158 1667 bonis
1193 1624 1303 1668 suis¹
1310 1625 1483 1679 ,Quod
1510 1625 1546 1667 si
1578 1641 1666 1667 non
1711 1624 1868 1667 audeat

335 1693 418 1736 hoc
444 1693 597 1747 facere,
638 1694 800 1737 debent
829 1711 984 1738 omnes
1013 1695 1206 1754 episcopi
1238 1696 1486 1748 convenire,
1523 1706 1566 1737 et
1596 1711 1671 1753 per
1700 1694 1865 1736 litteras

337 1780 435 1807 suas
479 1766 853 1808 excommunicare
903 1766 1027 1808 illum
1074 1777 1294 1825 potentem
1328 1766 1467 1808 donec
1510 1765 1662 1807 reddat
1706 1765 1861 1807 aliena.

336 1835 511 1878 Debent
537 1836 665 1878 etiam
693 1837 885 1896 episcopi
911 1837 964 1879 ad
992 1837 1133 1879 solum
1161 1839 1321 1890 Deum,
1346 1849 1389 1879 et
1414 1837 1468 1879 ad
1487 1837 1669 1879 salutem
1691 1836 1862 1895 populi,

337 1906 546 1949 habentes
590 1919 852 1966 respectum,
908 1909 1029 1950 omni
1076 1908 1302 1966 tepiditate
1353 1919 1534 1958 semota,
1585 1907 1768 1949 firmiter
1790 1907 1865 1949 ad

334 1992 484 2035 pacem
508 1978 742 2020 tenendam
763 1990 969 2021 mutuum
997 1979 1081 2021 sibi
1101 1980 1333 2022 consilium
1358 1990 1400 2021 et
1426 1979 1639 2021 auxilium
1666 1980 1861 2037 prebere.

338 2049 428 2090 Hoc
449 2064 590 2107 neque
616 2050 939 2108 pretermittant
959 2050 1142 2108 alicujus
1173 2050 1275 2092 odio
1297 2051 1362 2093 vel
1389 2066 1551 2102 amore,
1582 2050 1702 2107 xxiiij
1727 2066 1770 2107 q.
1797 2049 1861 2106 iij.

335 2121 376 2160 si
399 2122 497 2178 quis
523 2121 576 2162 cle
588 2121 852 2178 potentibus)
877 2125 949 2165 x9.
973 2136 1010 2163 c.
1041 2121 1138 2164 d'...
1162 2119 1477 2180 preczpimush.

327 2292 330 2294 ψ
396 2260 481 2307 34.
517 2263 556 2304 O
575 2262 752 2304 domine
770 2263 831 2304 mi
851 2279 942 2315 rex,
972 2263 1082 2305 illud
1105 2263 1442 2322 prerogativum,
1474 2262 1592 2321 quod
1614 2273 1659 2305 tu
1683 2262 1805 2314 dicis,
1824 2273 1867 2304 te

336 2331 511 2384 habere,
552 2333 714 2375 scilicet
746 2333 920 2375 emendi
945 2350 1012 2376 res
1045 2334 1211 2392 aliquas
1250 2350 1328 2392 pro
1359 2334 1519 2376 minori
1550 2333 1695 2392 precio
1732 2349 1864 2391 quam

335 2403 537 2446 venditor
562 2404 667 2446 velit
692 2420 762 2446 eas
789 2404 906 2457 dare,
942 2405 1168 2447 inducitur
1192 2405 1244 2447 ad
1277 2405 1342 2447 tui
1371 2404 1613 2463 dampnum
1634 2415 1677 2446 et
1698 2404 1861 2446 malum

335 2474 438 2532 quia
456 2474 711 2532 hujusmodi
731 2476 1053 2534 prerogativum
1086 2476 1264 2534 expellit
1284 2476 1522 2527 caritatem,
1548 2486 1590 2517 et
1607 2476 1722 2517 Deus
1749 2478 1862 2517 eari-

337 2554 406 2587 tas
427 2555 505 2599 est,
531 2556 580 2588 ut
606 2545 767 2588 dicitur
782 2547 819 2603 j⁴²
844 2547 909 2588 Jo.
940 2546 1002 2604 iiij
1018 2551 1050 2589 α.
1084 2547 1197 2590 Cum
1228 2562 1357 2589 nemo
1385 2546 1601 2589 desiderat
1626 2545 1862 2588 adventum

337 2626 463 2658 tuum
483 2627 662 2675 propter
683 2616 938 2674 hujusmodi
963 2617 1212 2676 empciones
1233 2628 1276 2660 et
1301 2633 1390 2659 non
1408 2628 1472 2659 est
1492 2616 1650 2674 aliquis
1668 2616 1713 2658 in
1729 2632 1863 2675 regno

385 2758 457 2796 33.
484 2760 496 2782 ¹
512 2759 661 2814 (contra
681 2772 953 2806 quemcumque
975 2781 1017 2787 —
1038 2760 1151 2795 honis
1173 2760 1270 2806 suis)
1292 2765 1420 2794 contra
1444 2771 1717 2807 quamcumque
1735 2764 1862 2806 potes-

338 2812 472 2841 statem
491 2813 590 2841 stare
612 2812 683 2853 que
704 2808 818 2842 alium
839 2807 950 2842 bonis
973 2807 1052 2842 suis
1074 2808 1211 2854 privat,
1233 2808 1305 2849 Cl.,
1329 2807 1375 2842 V.
1396 2808 1441 2841 R.

386 2925 423 2948 a.
446 2913 555 2947 Ezec.
578 2914 646 2954 111,
670 2916 726 2954 18,
750 2915 807 2950 19.
829 2935 873 2941 —
895 2914 930 2948 b.
963 2917 1000 2949 C.
1033 2916 1229 2949 Praesenti
1258 2914 1517 2961 prohibemus,
1549 2913 1604 2948 De
1630 2915 1728 2948 offic.
1757 2914 1862 2948 ordi-

339 2961 448 3001 narii,
468 2961 507 2995 in
529 2961 594 2995 VI⁰
615 2962 662 3007 (Ι,
686 2961 759 3006 16).
777 2983 825 2988 -—
845 2975 876 2997 c.
899 2964 937 2996 C.
960 2965 994 3003 5,
1021 2966 1066 2997 D.
1095 2963 1300 2996 LXXXIII.
1321 2982 1367 2988 —
1388 2961 1425 2996 d.
1461 2963 1498 2995 C.
1531 2964 1563 3001 1,
1590 2963 1634 2995 D.
1663 2961 1863 2996 LXXXVI.

338 3027 386 3034 —
405 3020 434 3041 e.
461 3009 498 3041 C.
522 3009 555 3048 3,
577 3010 622 3042 D.
644 3009 844 3044 LXXXVI.
866 3030 912 3035 —
930 3010 958 3054 f.
986 3012 1022 3045 C.
1044 3013 1076 3051 3,
1100 3012 1145 3044 D.
1173 3010 1378 3044 LXXXIII.
1401 3030 1439 3035 —
1462 3021 1500 3055 g.
1526 3010 1562 3042 C.
1587 3010 1644 3050 21,
1667 3010 1705 3042 C.
1729 3008 1862 3051 XXIV,

344 3058 387 3100 Q.
410 3057 444 3090 3.
463 3074 509 3080 —
529 3055 565 3089 Ιι.
586 3057 623 3089 c.
647 3058 703 3097 11,
724 3059 769 3090 D.
789 3056 887 3091 XCI.

388 3138 426 3162 α.
455 3126 599 3161 lsoan.
628 3127 692 3169 lV,
717 3129 773 3162 11.
