2314 3736
983 357 1222 398 —153—

335 453 486 496 horam
498 448 838 494 consecracionis
859 447 1052 506 corporis
1071 447 1251 490 Christi.
1271 446 1357 488 Sed
1371 445 1560 497 adverte,
1579 445 1755 488 domine
1766 446 1858 499 rex,

335 525 370 567 si
397 523 502 567 velis
531 533 580 564 ut
605 520 795 564 officium
823 519 998 562 ecclesie
1024 529 1065 560 et
1092 518 1313 561 oraciones
1342 528 1430 569 tue,
1460 528 1503 559 et
1524 518 1638 578 bonna
1666 532 1793 576 opera
1819 527 1862 559 te

330 597 503 653 juvent,
529 593 634 636 vade
653 592 774 651 prius
796 602 837 633 te
856 590 1126 633 reconciliari
1148 589 1355 631 fratribus
1378 589 1479 639 tuis,
1504 605 1525 630 a
1547 588 1708 646 quibus
1724 587 1860 630 multa

336 667 450 708 bona
477 663 694 723 recepisti,
719 679 797 705 nee
817 662 962 704 debita
983 661 1148 704 solvisti
1176 671 1217 702 et
1244 671 1407 702 statuas
1429 660 1618 702 finaliter
1656 659 1701 700 in
1730 656 1860 701 corde

336 748 412 780 tuo
441 736 560 795 quod
581 735 633 777 de
659 745 800 777 cetero
822 749 911 775 non
932 733 1160 791 capiantur
1182 732 1293 774 bona
1320 731 1505 774 aliorum
1532 741 1680 773 contra
1708 746 1859 772 eorum

335 808 618 851 voluntatem.
644 808 771 849 Juxta
799 804 908 847 illud
926 804 1085 847 Matth.
1110 820 1135 845 v
1161 820 1168 846 ε
1194 804 1245 845 Si
1266 803 1368 846 velis
1395 803 1551 861 offerre
1572 818 1726 844 munus
1742 811 1857 843 taum

335 880 398 921 ad
420 879 578 932 altare,
603 888 643 919 et
669 878 727 919 ibi
744 875 1164 933 recordatusficerc's
1185 878 1286 933 quia
1314 877 1462 933 frater
1493 883 1588 915 tuus
1621 873 1746 915 habet
1778 873 1858 914 alt-

334 951 441 1010 qaid
458 951 686 993 adversum.
713 958 778 1002 te;
800 949 994 1006 relinque
1021 947 1083 987 ibi
1101 962 1252 987 munus
1273 955 1406 999 tuam,
1432 955 1472 987 et
1499 945 1608 987 vade
1629 947 1758 1002 prius
1789 959 1858 986 re-

333 1023 565 1064 conciliari
576 1022 717 1080 fratri
742 1030 836 1073 tu0‚·
865 1028 905 1060 et
931 1027 1031 1060 tunc
1052 1020 1221 1060 veniens
1241 1017 1391 1075 offeres
1417 1032 1572 1059 munus
1594 1026 1710 1057 tuum
1724 1020 1756 1057 a·

392 1161 582 1208 XXVI.
621 1164 741 1214 Item,
785 1161 942 1204 habeas
964 1177 1037 1203 cor
1059 1160 1230 1219 pietatis
1266 1159 1318 1201 ad
1351 1175 1577 1218 pauperes,
1615 1158 1794 1200 miseros
1817 1154 1858 1199 et

331 1234 528 1287 afflictos,
559 1248 601 1276 et
622 1250 700 1292 pro
729 1230 852 1292 posse
874 1233 1055 1275 subveni
1083 1232 1143 1273 eis
1179 1242 1221 1273 et
1245 1231 1438 1273 consule.
1478 1230 1561 1272 Sed
1583 1230 1757 1271 adverte
1777 1229 1856 1271 do-

330 1307 447 1348 mine
474 1322 562 1357 rex,
593 1305 709 1364 quod
732 1305 856 1347 istam
884 1303 1173 1346 monicionem
1204 1319 1288 1345 non
1319 1301 1527 1353 custodis,
1558 1317 1656 1343 curn
1684 1311 1730 1342 tu
1758 1301 1855 1351 scis,

330 1377 394 1420 vel
417 1378 524 1420 scire
539 1377 684 1430 debes,
709 1375 824 1434 quod
852 1375 914 1417 tui
932 1374 1081 1417 famuli
1099 1374 1278 1433 capiunt
1300 1364 1435 1416 multa
1459 1373 1570 1415 bona
1597 1388 1854 1431 pauperum,

328 1449 433 1508 ipsis
460 1448 623 1502 invitis,
648 1448 809 1506 quibus
839 1447 948 1489 foret
970 1446 1118 1505 pocius
1145 1445 1312 1504 aliquid
1339 1444 1532 1486 dandum
1562 1459 1691 1501 quam
1720 1444 1774 1485 ab
1797 1443 1857 1485 eis

329 1520 606 1579 capiendum.
638 1521 759 1562 Tene
780 1529 822 1560 et
849 1518 1035 1560 libenter
1052 1517 1155 1559 audi
1201 1532 1421 1558 sermones
1448 1515 1546 1568 Dei,
1571 1526 1612 1556 et
1633 1515 1678 1556 in
1706 1525 1856 1573 aperto

330 1602 371 1633 et
404 1591 450 1633 in
476 1602 654 1634 secreto.
687 1590 772 1632 Sed
795 1590 983 1642 adverte,
1013 1588 1190 1631 domine
1218 1604 1306 1639 rex,
1332 1587 1449 1646 quod
1478 1586 1721 1645 predicator
1742 1586 1857 1628 inter

329 1673 467 1705 cetera
501 1662 629 1715 dicet,
666 1661 785 1721 quod
813 1672 859 1703 tu
895 1677 981 1703 non
1010 1660 1235 1719 permittas
1262 1659 1452 1718 aliquem
1486 1658 1539 1700 de
1574 1657 1735 1699 familia
1764 1668 1853 1710 tua,

330 1750 408 1776 nec
433 1734 568 1776 alium
588 1748 906 1792 quemcumque
933 1743 1085 1791 capere
1111 1747 1177 1774 res
1199 1730 1374 1782 alienas,
1405 1730 1543 1772 invito
1565 1728 1758 1771 domino.

389 1873 604 1921 XXVII.
641 1875 766 1927 Item,
786 1873 973 1916 libenter
991 1888 1172 1932 procura
1207 1872 1288 1915 tibi
1315 1871 1637 1931 indulgenciam
1664 1886 1686 1912 a
1714 1869 1854 1929 pluri-

332 1947 412 1989 mis
439 1957 481 1989 et
507 1963 530 1989 a
556 1946 735 1989 diversis
763 1945 939 1987 ecclesie
965 1944 1158 2004 prelatis.
1198 1943 1283 1986 Sed
1313 1942 1525 2001 intellige,
1559 1941 1735 1984 domine
1762 1957 1852 1992 rex,

330 2018 449 2078 quod
482 2016 737 2075 hujusmodi
763 2016 1057 2075 indulgencie,
1092 2015 1137 2057 in
1166 2014 1288 2057 nullo
1320 2014 1401 2057 tibi
1431 2014 1616 2072 prosint,
1647 2012 1855 2070 quamdiu

329 2089 466 2132 utaris
488 2088 562 2130 illo
584 2087 811 2130 maledicto
839 2087 1113 2146 prerogativo
1139 2102 1291 2145 capere
1312 2101 1378 2127 res
1399 2085 1565 2143 aliquas
1592 2084 1753 2126 alienas
1775 2099 1854 2142 pro

329 2160 488 2203 minori
509 2159 653 2218 precio
675 2174 805 2217 quam
834 2158 1036 2201 venditor
1057 2157 1161 2200 velit
1181 2157 1299 2208 dare,
1337 2156 1438 2215 quia
1471 2156 1549 2214 qui
1590 2171 1675 2197 non
1709 2165 1772 2196 est
1808 2154 1853 2196 in

328 2231 553 2290 charitate,
580 2246 667 2272 non
706 2241 892 2288 prosunt
927 2230 1009 2271 sibi
1049 2228 1326 2286 indulgencie
1358 2243 1573 2269 concesse.
1617 2228 1761 2276 Juxta,
1802 2225 1855 2267 ad

329 2290 565 2345 Corinthos
591 2317 692 2343 xm:
724 2302 775 2343 Si
807 2301 1070 2343 distribuero
1109 2303 1152 2342 ἰη
1185 2300 1301 2341 cibos
1320 2314 1565 2357 pauperum
1603 2313 1749 2339 omnes
1784 2297 1853 2354 sa-

329 2375 508 2416 cultates
520 2389 653 2426 meas,
678 2382 718 2414 et
737 2375 777 2414 si
793 2373 1017 2414 tradidero
1037 2387 1194 2429 corpus
1210 2386 1347 2412 meum
1371 2373 1434 2412 ita
1456 2379 1501 2411 ut
1519 2369 1712 2420 ardeam,
1743 2373 1854 2409 cari-

330 2455 461 2487 tatem
491 2453 634 2486 autem
655 2459 739 2486 non
767 2443 958 2484 habuero
973 2443 1085 2484 nihil
1102 2442 1208 2485 milei
1223 2442 1447 2500 prod-esta.
1468 2439 1725 2482 Thesaurus
1738 2439 1853 2480 enim

330 2515 506 2557 ecclesie
524 2526 573 2557 ut
593 2514 888 2572 indulgencie,
912 2529 1000 2555 non
1022 2524 1125 2556 sunt
1141 2512 1282 2555 dande
1294 2511 1480 2555 inimicis
1493 2510 1684 2564 ecclesie,
1703 2520 1745 2551 et
1756 2508 1852 2551 illos

329 2597 436 2645 puto
462 2586 540 2644 qui
561 2596 664 2628 sunt
684 2596 803 2628 extra
820 2585 1055 2627 caritatem.

386 2724 625 2771 XXVIII.
661 2727 784 2778 Item,
815 2725 969 2784 diligas
992 2736 1033 2767 te
1055 2725 1213 2767 habere
1233 2724 1505 2767 consorcium
1529 2724 1746 2766 bonorum
1765 2722 1852 2765 sive

326 2797 644 2856 religiosorum,
684 2797 771 2839 sive
803 2796 1078 2848 secularium,
1112 2807 1154 2838 et
1185 2812 1285 2838 cave
1319 2796 1564 2838 societatem
1598 2809 1845 2853 pravorum.

329 2868 413 2911 Sed
441 2867 628 2920 adverte,
654 2867 828 2910 domine
861 2884 951 2920 rex,
984 2867 1101 2926 quod
1126 2883 1275 2910 omnes
1308 2867 1387 2919 illi,
1422 2866 1499 2925 qui
1520 2867 1632 2908 bona
1664 2865 1851 2907 aliorum

375 3075 411 3098 a.
435 3063 542 3098 Matt.
565 3063 610 3105 V,
633 3065 690 3105 23,
714 3065 770 3099 24.

375 3169 412 3193 a.
442 3157 695 3200 ICor.·XIII,
718 3160 751 3195 3.
