2444 3750
1208 381 1420 423 „23-

550 516 723 546 canum
739 507 788 546 et
809 507 1112 558 venatorum,
1136 516 1374 564 equorum
1387 500 1578 566 pabula.
1604 504 1669 549 Ut
1688 502 2076 552 emolumentum

554 604 611 634 ex
633 587 705 633 his
721 586 907 650 juribus
933 604 1070 652 reges
1089 589 1411 653 perciperent,
1440 589 1729 654 plerumque
1752 606 1949 638 necesse
1973 599 2078 639 erat

552 674 671 722 illud
693 676 816 723 irent
836 676 1124 740 quaesitum.
1143 676 1410 741 Aliquando
1426 685 1606 735 tamen,
1631 678 1711 725 illo
1727 678 1835 741 jure
1855 677 2073 727 frueban-

554 772 654 821 tur,
677 765 819 811 etiam
841 780 951 810 cum
971 764 1029 811 ad
1052 763 1155 811 loca
1181 766 1280 830 ipsa
1301 782 1351 812 se
1378 783 1475 812 non
1496 765 1806 814 conferebant
1821 768 1854 814 ¹.

618 851 963 899 Providebatur
1000 861 1158 900 autem
1188 870 1248 900 ne
1277 853 1549 916 hujusmodi
1587 854 1835 919 vectigalia
1865 855 2078 904 vassallis

555 942 773 1005 imposita
794 940 1054 988 evaderent
1074 942 1403 1006 gravissimum
1433 959 1575 1001 onus,
1601 943 1760 1007 itaque
1784 952 2015 991 statutum
2031 953 2079 992 et

555 1028 703 1075 fixum
741 1038 844 1076 erat
873 1029 1079 1094 quoties,
1121 1029 1318 1094 singulis
1359 1032 1515 1089 annis,
1559 1032 1659 1095 regi
1695 1031 1861 1079 liceret
1895 1031 2079 1098 singula

559 1117 734 1165 tributa
756 1118 1003 1182 percipere
1021 1118 1052 1165 ².

620 1209 836 1253 Decursu
864 1223 979 1253 vero
1001 1207 1247 1271 temporis,
1273 1215 1324 1253 ut
1344 1224 1534 1272 semper
1552 1207 1773 1255 victualia
1795 1209 1893 1272 regi
1909 1225 2078 1274 suppe-

555 1294 839 1353 ditarentur,
864 1312 925 1342 ne
954 1312 1165 1359 unquam
1186 1297 1390 1360 optimas
1409 1313 1591 1343 merces
1612 1296 1690 1343 alii
1708 1298 1950 1362 eriperent
1970 1305 2081 1344 ante

557 1383 816 1430 adventum
832 1392 1218 1448 procuratorum,
1235 1393 1317 1430 aut
1332 1385 1400 1430 eis
1419 1385 1783 1431 mercimonium
1806 1384 2081 1433 venditores

557 1471 744 1518 tradere
788 1480 1084 1529 recusarent,
1131 1489 1235 1518 mos
1272 1472 1472 1519 invaluit
1518 1473 1798 1520 instituendi
1837 1473 2081 1521 nundinas

552 1560 686 1622 juxta
730 1562 906 1625 regiam
958 1559 1155 1607 domum
1213 1559 1504 1625 ubicumque
1547 1578 1629 1608 rex
1673 1561 2078 1619 commorabatur,

557 1648 866 1713 edictumque
910 1657 998 1706 est,
1049 1657 1100 1695 ut
1144 1666 1257 1714 prae
1295 1648 1541 1713 quibusvis
1579 1650 1701 1707 aliis,
1742 1659 2082 1715 procuratores

557 1738 691 1801 regii,
712 1754 801 1802 pro
831 1754 918 1784 suo
952 1736 1122 1795 lubitu,
1146 1739 1289 1784 etiam
1316 1739 1472 1784 invitis
1499 1738 1862 1797 mercatoribus,
1890 1756 1966 1786 res
1994 1738 2082 1786 eli-

558 1835 726 1890 gerent
746 1835 890 1890 atque
911 1835 1157 1890 caperent,
1180 1835 1227 1873 et
1247 1843 1334 1891 pro
1360 1828 1427 1873 eis
1448 1826 1643 1874 inferius
1678 1828 1884 1892 pretium
1923 1827 2083 1874 solve-

558 1915 712 1961 rent³.

624 2003 873 2050 Interdum
894 2004 1054 2060 etiam,
1079 2004 1214 2067 quasi
1236 2012 1422 2050 tantum
1452 2003 1687 2051 invisendi
1707 2020 1868 2063 causa,
1897 2021 2086 2052 monas-

562 2093 679 2139 teria
702 2109 799 2138 non
826 2093 1070 2147 immunia,
1099 2108 1233 2156 reges
1253 2091 1614 2157 capessebant&
1645 2091 1890 2139 Malebant
1923 2101 2084 2140 autem

562 2180 680 2228 haec
692 2181 979 2227 monasteria
992 2181 1089 2245 regi
1105 2181 1580 2245 pecuniamerogare,
1599 2197 1743 2245 quam
1756 2197 1868 2228 eum
1879 2180 2086 2246 hospitio

1831 2279 1863 2324 s

619 2344 652 2379 1.
689 2343 743 2378 Ita
776 2353 815 2378 se
844 2352 903 2377 res
928 2339 1106 2383 habebat,
1138 2346 1180 2376 ut
1205 2339 1361 2390 aliquod
1390 2338 1607 2390 exemplum
1636 2328 2019 2387 afferam‘fYarmuti‚
2046 2339 2086 2377 in

562 2400 745 2437 comitatu
766 2398 993 2437 Norfolciae.
1019 2396 1145 2448 Hujus
1169 2398 1274 2435 urbis
1299 2398 1460 2442 incolae,
1483 2406 1635 2435 centum
1666 2398 1851 2448 hareugos
1870 2397 2087 2436 vicecomiti

563 2458 852 2496 Nordowicensi
878 2457 1092 2501 tradebant,
1121 2465 1162 2494 ut
1196 2456 1274 2507 ipse
1311 2456 1535 2501 vicecomes.
1571 2457 1640 2494 hos
1669 2457 1870 2506 harengos,
1894 2457 2086 2494 mediante

564 2516 720 2554 domino
740 2516 882 2554 castelli
901 2516 1099 2560 Carltonii,
1122 2516 1171 2553 ad
1193 2528 1319 2565 regem
1337 2515 1647 2554 transmittendos
1670 2523 1832 2554 curaret.
1858 2516 2085 2552 Arclzaeolo·

563 2578 647 2626 gia,
670 2584 698 2613 t,
722 2577 827 2618 VIII,
848 2588 886 2625 p.
917 2575 1006 2614 330.

618 2637 654 2672 2.
688 2634 854 2683 Quidam
887 2633 1112 2677 Willelmus,
1151 2633 1250 2670 filius
1284 2633 1463 2671 Willelmi
1497 2634 1544 2670 de
1576 2633 1777 2683 Alesbury,
1813 2633 2085 2684 possessiones.

563 2693 704 2744 quibus
725 2693 763 2730 in
810 2692 891 2729 loco
915 2692 1018 2729 dicto
1045 2692 1232 2742 Alesbury
1266 2692 1476 2735 fruebatur,
1509 2705 1551 2730 ea
1578 2691 1796 2730 conditione
1825 2692 2016 2737 servabat,
2047 2699 2088 2729 ut

563 2752 643 2802 regi
671 2753 772 2789 hunc
790 2751 913 2788 locum
935 2751 1113 2788 invisenti
1137 2753 1259 2798 daret,
1284 2751 1419 2789 hiemis
1439 2759 1622 2802 tempore.
1654 2758 1728 2789 tres
1757 2751 1971 2800 anguillas3
1995 2759 2086 2788 tem·

564 2824 656 2862 pore
670 2824 762 2848 vero
779 2810 943 2854 aestatis,
971 2811 1068 2847 duos
1085 2823 1248 2847 anseres.
1282 2814 1330 2849 At
1355 2811 1450 2860 regi,
1477 2810 1627 2847 nonnisi
1652 2817 1709 2847 ter
1736 2810 1774 2846 in
1796 2823 1911 2857 anno,
1932 2809 2089 2847 facultas

559 2877 642 2908 erat
660 2869 859 2920 praedium
881 2869 974 2906 illud
996 2868 1179 2906 adeundi.
1204 2870 1500 2919 Arcleaeologia‚
1522 2868 1594 2906 loc.
1618 2869 1682 2907 cit.

621 2930 658 2966 3.
691 2928 845 2972 Stubbs,
868 2942 929 2977 op.
955 2929 1037 2973 cit„
1062 2935 1089 2965 t.
1116 2929 1163 2973 ΙΙ,
1186 2941 1223 2978 p.
1250 2930 1340 2966 535.

620 2989 658 3025 4.
692 2989 745 3024 lta
768 2986 925 3033 scilicet,
947 2986 1216 3023 monasterium
1238 2987 1362 3023 Sancti
1392 2986 1542 3031 Albani,
1561 2984 1673 3036 juxta
1700 2986 1804 3037 quod
1827 2998 1968 3037 parvus
1987 2985 2090 3024 lacus

562 3054 656 3092 erat,
690 3045 865 3096 piscibus
889 3045 1046 3082 mirifice
1079 3046 1251 3087 refertus.
1290 3046 1505 3095 frequentes
1531 3045 1709 3096 petebant
1733 3060 1741 3082 :
1766 3045 1817 3082 ita
1838 3053 1879 3082 ut
1903 3044 2007 3082 omni
2026 3058 2088 3082 ra-

562 3104 676 3150 tione,
701 3112 885 3155 quantum
907 3104 944 3141 in
965 3104 1019 3141 eis
1039 3103 1122 3148 fuit,
1150 3104 1305 3141 abbates
1325 3111 1361 3141 et
1384 3103 1560 3141 monachi
1584 3111 1814 3141 conarentur
1834 3115 1977 3153 regem,
1999 3115 2088 3140 one·

563 3176 689 3200 rosum
710 3175 798 3202 sane
820 3163 1021 3215 hospitem,
1046 3176 1067 3199 a
1087 3175 1126 3201 se
1144 3175 1287 3200 arcere·
1309 3163 1608 3214 Archaeologia,
1634 3170 1662 3200 t.
1682 3163 1788 3207 vlu.
1815 3175 1855 3216 p.
1880 3163 1970 3201 334.
