2314 3736
1122 340 1334 385 -98-

467 434 620 492 inquit,
671 432 901 475 intulimus
950 434 994 474 in
1038 431 1152 474 hunc
1188 432 1396 474 mundum
1411 429 1443 474 α.
1493 429 1654 488 Utique
1688 427 1863 488 quando
1899 427 1988 472 nati

467 518 635 555 sumus,
681 501 756 544 sed
799 517 877 544 nec
914 501 1085 544 auferre
1122 502 1230 560 quid
1268 516 1516 560 possumus.
1559 501 1622 542 Ex
1662 515 1750 558 quo
1782 515 1898 557 ergo,
1941 509 1988 542 tu

468 589 558 624 rex,
591 572 724 615 nichil
756 571 958 624 attulisti,
988 583 1030 614 et
1062 572 1195 614 nichil
1227 572 1412 625 auferes,
1451 570 1557 629 quid
1598 582 1639 612 te
1683 569 1807 612 inflas
1839 580 1989 612 contra

468 643 738 702 pauperem?
765 643 907 696 Certe,
937 642 1113 700 quando
1140 642 1287 700 aliquo
1322 640 1452 684 casu*
1480 652 1620 683 vetera
1651 640 1847 699 sepulcra
1879 639 1989 682 sran-

467 724 647 771 guntur‚
673 729 767 755 ossa
794 712 978 755 divitum
1012 728 1101 755 non
1135 723 1431 771 agnoscuntur
1450 712 1507 754 ob
1528 710 1699 753 ossibus
1727 725 1985 769 pauperum.

470 785 524 826 Et
550 783 655 825 dicit
681 782 967 825 Ambrosius:
992 782 1107 826 Nudi
1137 782 1336 824 homines
1357 782 1589 833 nascimur,
1619 780 1726 823 nudi
1762 780 1986 834 morimur,

469 853 589 897 nulla
615 853 822 896 discrecio
843 853 957 896 inter
982 853 1185 895 cadavera
1207 864 1479 895 mortuorum
1507 852 1591 894 nisi
1620 851 1729 894 forte
1754 850 1872 910 quod
1893 865 1990 909 gra-

468 923 563 967 vius
591 924 728 967 fetent
747 923 932 966 divitum
953 939 1134 982 corpora
1159 923 1345 966 distenta
1365 923 1552 967 luxuria.

533 1053 614 1098 13.
650 1054 689 1095 O
717 1051 893 1095 domine
929 1051 987 1094 mi
1021 1068 1112 1102 rex,
1148 1051 1322 1094 attende
1354 1062 1396 1094 et
1421 1050 1653 1110 diligenter
1683 1049 1855 1092 adverte
1883 1049 1990 1108 quid

470 1123 686 1184 pertineat
705 1123 759 1165 ad
781 1124 946 1165 bonum
964 1139 1126 1181 regem,
1148 1133 1195 1165 ut
1215 1122 1375 1164 dicitur
1394 1123 1490 1179 xxvj
1515 1121 1751 1180 d'capitulo
1772 1120 1926 1163 ultimo
1941 1125 1984 1164 ⁰:

474 1194 580 1237 Boni
613 1194 725 1253 regis
764 1205 829 1236 est
865 1192 1073 1244 officium,
1104 1192 1300 1235 ecclesias
1326 1192 1535 1235 contritas
1567 1208 1614 1234 ac
1641 1207 1868 1234 concussas
1899 1206 1989 1233 res-

472 1277 658 1318 taurare,
688 1280 908 1322 novasque
933 1263 1148 1317 edificare,
1177 1274 1220 1305 et
1248 1262 1329 1305 Dei
1356 1263 1595 1305 sacerdotes
1625 1263 1839 1304 honorare
1863 1272 1993 1319 atque

472 1335 599 1378 tueri.
625 1335 710 1377 Sed
734 1350 863 1393 porro
888 1333 969 1376 hiis
995 1333 1150 1376 diebus
1177 1333 1222 1375 in
1248 1333 1514 1376 contrarium
1545 1349 1610 1375 res
1631 1348 1749 1374 versa
1775 1342 1853 1374 est.
1883 1333 1992 1375 Nam

472 1422 605 1456 nunc,
631 1405 694 1448 illi
715 1405 769 1447 de
788 1404 950 1446 familia
979 1415 1050 1447 tua
1079 1404 1313 1463 insurgunt
1338 1415 1487 1446 contra
1515 1419 1657 1446 servos
1685 1402 1848 1446 Christi
1866 1401 1894 1454 ¹,
1932 1417 1992 1443 re-

472 1476 649 1535 ligiosos
682 1487 724 1518 et
755 1475 995 1518 sacerdotes
1027 1474 1157 1517 etiam
1196 1474 1271 1533 qui
1305 1473 1554 1516 deserviunt
1595 1473 1639 1516 in
1679 1471 1992 1532 patrimonium

473 1548 601 1590 Iliesu
632 1546 795 1590 Christi
824 1545 1012 1604 spoliant
1041 1556 1083 1587 et
1108 1545 1403 1603 depredantur
1434 1545 1649 1601 subjectos
1676 1543 1737 1585 ibi
1765 1558 1990 1601 pauperes,

474 1617 696 1676 religiosos
735 1628 778 1659 et
809 1616 914 1659 alios
954 1615 1257 1658 miserabiliter
1289 1626 1419 1674 atque
1446 1613 1844 1657 immiserIcorditer
1881 1611 1992 1655 affli-

473 1700 583 1748 gunt
613 1699 662 1731 ut
691 1688 735 1730 in
768 1687 994 1730 doloribus
1015 1686 1167 1729 alienis
1189 1685 1359 1728 illicitos
1380 1686 1597 1744 appetitus
1630 1696 1672 1726 et
1703 1683 1996 1726 extraordina-

473 1759 557 1801 rias
576 1758 788 1818 impleant
805 1758 1063 1817 voluptates.
1093 1758 1148 1799 Et
1169 1767 1232 1809 tu,
1257 1755 1434 1799 domine
1454 1772 1543 1808 rex,
1568 1757 1679 1798 bene
1706 1755 1786 1798 scis
1807 1765 1850 1797 et
1870 1753 1993 1796 intel-

474 1829 570 1889 ligis
597 1829 715 1889 quod
742 1829 787 1872 in
814 1828 1017 1871 domibus
1043 1828 1344 1887 religiosorum
1380 1826 1513 1869 trahis
1542 1842 1704 1868 moram
1733 1825 1996 1884 quandoque
2047 1842 2052 1846 ⁴

474 1917 551 1960 per
577 1916 709 1943 unam
737 1900 870 1953 diem,
893 1899 1157 1958 quandoque
1183 1914 1260 1958 per
1286 1898 1447 1956 plures,
1477 1908 1519 1939 et
1545 1897 1703 1939 multas
1735 1908 1778 1938 et
1805 1895 1996 1938 infinitas

475 1971 578 2014 facis
610 1987 817 2030 expensas
843 1970 897 2012 de
918 1970 1043 2012 bonis
1070 1969 1387 2027 religiosorum,
1420 1967 1526 2026 quid
1561 1984 1636 2026 per
1662 1966 1860 2020 exennia,
1889 1965 1996 2025 quid

475 2058 552 2102 per
576 2042 680 2084 alias
705 2041 807 2093 vias,
838 2052 880 2083 et
900 2041 960 2084 sic
985 2057 1070 2099 que
1092 2040 1253 2082 debent
1273 2055 1364 2082 esse
1386 2041 1497 2081 bona
1520 2054 1759 2097 pauperum
1788 2049 1830 2080 et
1861 2036 1995 2079 eccle-

475 2113 654 2166 siarum,
690 2124 736 2155 tu
770 2111 989 2154 consumis
1021 2122 1064 2154 et
1098 2111 1177 2153 hoc
1214 2126 1303 2152 non
1341 2120 1406 2152 est
1443 2109 1638 2152 ecclesias
1673 2119 1923 2151 construere
1955 2118 1996 2150 et

473 2194 731 2235 restaurare,
757 2183 829 2225 sed
850 2182 1072 2225 destruere
1093 2193 1135 2224 et
1154 2180 1435 2224 adnichilare.
1461 2181 1515 2223 Et
1535 2179 1631 2222 dico
1652 2179 1730 2222 tibi
1752 2178 1840 2238 regi
1858 2177 1993 2237 quod,

475 2265 526 2296 ut
543 2253 851 2305 communiter,
877 2253 947 2296 isti
975 2252 1164 2311 religiosi
1192 2251 1375 2294 exennia
1396 2263 1439 2293 et
1459 2251 1571 2293 dona
1593 2262 1635 2293 et
1660 2265 1869 2309 expensas
1890 2264 1997 2308 quas

475 2324 555 2366 tibi
591 2335 634 2366 et
666 2324 751 2367 tuis
786 2323 964 2377 faciunt,
993 2322 1116 2381 quasi
1155 2322 1259 2381 ipsis
1292 2322 1439 2364 invitis
1474 2321 1651 2374 faciunt,
1676 2332 1718 2363 et
1737 2322 1847 2363 bene
1874 2318 1998 2362 inviti

476 2394 641 2437 faciunt
657 2394 686 2448 ²,
715 2394 819 2453 quia
839 2394 981 2437 sciunt
1007 2393 1071 2436 vel
1105 2392 1212 2436 scire
1239 2393 1416 2446 debent,
1441 2392 1559 2451 quod
1591 2393 1702 2434 bona
1722 2390 1997 2434 ecclesiarum

476 2576 627 2626 ⁴aliquo
655 2583 825 2625 tempore
846 2577 921 2620 Cl.,
945 2576 990 2612 V.
1014 2578 1059 2612 R.

522 2673 594 2710 13.
624 2694 667 2699 -
693 2673 705 2696 ¹
722 2674 867 2719 (servos
889 2672 1034 2707 Christi
1051 2690 1095 2698 -
1120 2672 1286 2718 spoliant
1311 2678 1348 2706 et
1374 2670 1647 2717 depredantur)
1675 2682 1747 2705 om.
1770 2669 1842 2711 Cl.,
1867 2668 1912 2704 V.
1949 2669 1993 2704 R.

475 2721 782 2767 —²(faciunt—-
803 2720 900 2755 scire
922 2719 1077 2765 debent)
1104 2720 1202 2753 unde
1229 2731 1327 2753 nunc
1357 2719 1508 2758 faciunt,
1539 2729 1622 2752 cum
1657 2718 1777 2752 sciant
1808 2717 1866 2751 vel
1897 2716 1995 2751 scire

475 2836 547 2872 erit
566 2838 636 2878 lex,
658 2837 724 2871 sed
746 2837 841 2883 legis
862 2836 1055 2882 corruptio
1074 2847 1108 2869 ›>.
1125 2855 1170 2862 —
1184 2847 1215 2871 c.
1239 2834 1276 2869 S.
1296 2835 1499 2881 Augustini
1522 2837 1647 2870 Sermo
1667 2835 1762 2875 LXI,
1781 2846 1862 2880 cap.
1885 2834 1989 2876 vm,

473 2886 517 2919 P.
541 2887 595 2930 L.‚
619 2890 645 2918 t.
666 2884 871 2925 XXXVIII,
895 2896 931 2930 p.
955 2885 1035 2918 412.
1058 2902 1103 2909 -—·
1127 2882 1165 2917 d.
1189 2883 1205 2917 1
1225 2882 1321 2916 Tim.
1343 2882 1408 2922 VI,
1434 2885 1467 2917 7.

521 2989 559 3013 a.
585 2981 623 3012 C.
648 2981 704 3019 16,
725 2979 770 3012 D.
794 2979 926 3013 XCVI.
955 2998 996 3004 —
1018 2977 1206 3017 Sedulius,
1234 2979 1278 3012 P.
1307 2979 1362 3018 L.‚
1385 2982 1411 3010 t.
1434 2976 1536 3016 CIII,
1561 2989 1596 3022 p.
1619 2978 1712 3011 309:
1737 2977 1905 3017 «Porro,
1928 2989 1992 3011 rex

475 3026 648 3060 ostendet
671 3038 776 3060 suam
800 3037 889 3070 erga
911 3026 1028 3058 Deum
1050 3025 1292 3065 voluntatem,
1316 3025 1348 3058 si
1370 3024 1438 3058 Dei
1466 3023 1650 3057 ministris
1674 3036 1715 3057 ac
1744 3024 1864 3058 servis
1886 3023 1992 3058 auxi-

475 3073 566 3107 lium
584 3073 893 3118 suppeditaverit,
918 3079 1003 3106 tunc
1019 3072 1117 3105 enim
1136 3072 1261 3118 magni
1280 3072 1381 3118 regis
1403 3071 1656 3116 dispeusator,
1677 3071 1828 3116 adjutor
1845 3077 1881 3105 et
1901 3083 1991 3117 pro-

475 3125 595 3155 tector
616 3120 796 3154 efficietur
817 3131 850 3153 n.
875 3139 916 3146 —
937 3119 1068 3160 JonaS‚
1090 3120 1134 3153 P.
1163 3121 1215 3159 L.‚
1239 3125 1265 3152 t.
1286 3118 1383 3160 CVI,
1406 3130 1443 3164 p.
1466 3119 1531 3153 291
1557 3130 1564 3151 :
1589 3131 1607 3151 «
1628 3117 1703 3152 Rex
1725 3117 1838 3152 debet
1869 3118 1990 3164 primo
