2314 3736
1059 313 1296 356 —110—

474 398 557 445 31.
593 398 676 442 Sed
704 411 814 459 quot
839 411 943 443 sunt
966 401 1164 444 homines
1192 401 1337 453 hodie,
1361 401 1406 444 in
1428 411 1539 444 terra
1568 403 1664 456 ista,
1692 404 1770 462 qui
1789 420 1938 449 causas

413 469 576 511 habent
602 480 750 511 contra
786 481 826 512 te
851 486 995 513 coram
1028 487 1200 514 summo
1226 471 1354 514 Deo?
1382 472 1524 523 Certe,
1562 472 1650 514 fere
1674 472 1839 516 infiniti
1862 475 1935 518 ho-

414 540 568 591 mines,
593 541 754 599 quibus
781 540 1041 600 capiuntur¹
1072 542 1184 584 bona
1211 553 1360 584 contra
1388 557 1537 584 eorum
1565 542 1848 587 voluntatem.
1884 546 1939 588 Et

412 610 526 662 ideo,
550 611 656 653 vade
685 612 804 669 prius
830 612 1100 655 reconciliari
1123 612 1328 655 fratribus
1351 613 1437 655 tuis
1458 624 1500 655 et
1529 624 1632 655 tunc
1661 613 1816 657 offeres
1842 616 1937 658 Deo

415 697 595 723 munera
623 681 848 740 placabilia
876 694 918 725 et
937 683 984 737 [f.
1013 684 1111 737 139]
1139 699 1365 742 nunquam
1390 695 1504 726 ante.
1543 685 1639 737 Qua
1670 701 1771 743 ergo
1808 685 1939 728 auda-

411 751 492 804 cia,
535 768 619 810 qua
655 752 894 795 temeritate
926 754 1119 812 episcopi
1151 765 1192 796 et
1225 754 1353 796 ceteri
1383 754 1537 812 prelati
1569 765 1611 797 et
1636 755 1765 797 etiam
1799 771 1937 798 sacer-

410 821 533 864 dotes
554 822 751 864 accedere
772 835 954 881 possunt
974 824 1027 866 ad
1049 824 1182 867 altare
1200 824 1255 866 ad
1280 823 1599 867 conficiendum
1627 825 1735 867 illud
1765 842 1937 869 venera·

411 892 498 934 bile
542 904 875 947 sacramentum,
923 894 1085 937 scilicet
1140 910 1298 953 corpus
1351 895 1532 948 Christi,
1580 896 1657 953 qui
1705 911 1782 954 per
1835 899 1942 940 suos

411 963 633 1006 ministros
665 963 765 1006 talia
795 965 1110 1008 commiserunt
1124 965 1153 1019 ²,
1187 965 1253 1008 vel
1297 965 1514 1008 committi
1548 965 1858 1024 permiserunt,
1894 978 1938 1010 et

412 1049 498 1075 non
539 1034 897 1093 impediverunt?
932 1036 1057 1089 Nam,
1099 1036 1176 1094 qui
1227 1036 1443 1095 permittit
1480 1035 1647 1094 aliquid
1694 1036 1786 1079 fieri
1816 1037 1936 1095 quod

410 1113 556 1162 posset
586 1105 812 1164 impedire,
843 1122 898 1148 ne
924 1106 1062 1160 fieret,
1092 1123 1169 1165 per
1195 1107 1357 1165 ipsum,
1390 1117 1454 1149 est
1478 1122 1526 1149 ac
1555 1107 1591 1149 si
1623 1107 1715 1165 ipse
1750 1107 1933 1162 fecisset,

412 1175 542 1217 Extra
578 1175 689 1218 libro
711 1178 770 1234 vj,
802 1177 932 1219 titulo
958 1178 1012 1219 de
1038 1178 1201 1236 regulis
1213 1180 1338 1235 juris
1366 1178 1536 1235 regula,
1567 1177 1644 1236 qui
1671 1178 1885 1236 permittit
1899 1183 1933 1222 ⁰.

409 1246 534 1299 Vere,
565 1247 669 1289 tales
692 1263 779 1289 non
804 1259 988 1306 possunt
1007 1247 1118 1290 illud
1140 1247 1384 1290 venerabile
1409 1258 1744 1302 sacramentum,
1775 1248 1937 1291 scilicet

410 1331 568 1375 corpus
597 1317 782 1369 Christi,
815 1317 1026 1360 conficere
1052 1318 1116 1361 vel
1146 1334 1333 1371 sumere,
1364 1318 1448 1361 nisi
1476 1317 1530 1360 ad
1557 1334 1707 1361 eorum
1729 1319 1935 1378 dampna·

410 1386 578 1429 cionem
609 1389 735 1445 juxta
762 1388 874 1431 illud
902 1388 933 1430 i³
955 1390 1056 1432 Cor.
1086 1386 1183 1447 xj⁶2
1211 1390 1301 1447 Qui
1324 1390 1562 1431 manducat
1586 1399 1626 1431 et
1650 1389 1750 1431 bibit
1778 1406 1937 1448 corpus

414 1458 582 1500 Christi
604 1469 644 1500 et
673 1462 770 1518 ejas
798 1463 1054 1518 sanguinem
1081 1461 1258 1518 indigne
1274 1461 1493 1518 judicium
1522 1460 1605 1502 sibi
1631 1461 1871 1502 manducat
1897 1470 1938 1502 et

412 1529 529 1573 bibit.
562 1530 741 1573 Certum
764 1541 829 1572 est
854 1530 973 1589 quod
1001 1530 1233 1572 auctoritas
1262 1530 1374 1588 regis
1401 1547 1487 1572 non
1522 1531 1682 1589 poterit
1710 1547 1783 1573 eos
1812 1546 1938 1574 excu-

410 1614 518 1661 sare,
548 1599 655 1644 de...
691 1616 736 1643 se
765 1600 863 1645 d'...
893 1601 922 1659 ij
956 1604 1204 1655 timorem⁶3
1237 1601 1281 1643 ix
1301 1601 1342 1643 d*
1370 1599 1647 1660 quicunqued
1674 1612 1717 1644 et
1735 1617 1772 1644 c.
1806 1604 1937 1660 impe-

409 1673 523 1712 rium
537 1675 566 1713 ⁶.

470 1812 552 1858 32.
590 1813 638 1856 In
661 1813 744 1855 hiis
771 1813 903 1865 enim,
933 1829 1018 1871 que
1044 1823 1148 1856 sunt
1172 1824 1320 1856 contra
1343 1825 1594 1873 preceptum
1622 1814 1720 1865 Dei,
1750 1830 1839 1857 non
1870 1825 1935 1857 est

408 1884 499 1942 regi
526 1884 836 1937 obediendum,
861 1884 935 1926 sed
970 1884 1276 1936 resistendum,
1315 1896 1358 1926 et
1389 1885 1465 1942 qui
1499 1885 1559 1927 sic
1593 1885 1740 1927 fecerit
1771 1885 1934 1944 grande

410 1953 627 2013 premium
655 1955 738 1997 sibi
758 1954 966 2012 adquirit.
993 1954 1077 1996 Sed
1098 1966 1246 1997 contra
1268 1966 1520 2013 preceptum
1549 1955 1630 1997 Dei
1657 1966 1736 2006 est,
1766 1954 1933 2013 aliquid

409 2040 576 2084 capere,
609 2036 759 2068 contra
790 2025 1056 2068 voluntatem
1088 2025 1326 2068 venditoris
1357 2037 1406 2068 ut
1435 2026 1636 2084 superius
1662 2037 1726 2068 est
1753 2026 1931 2085 premis·

410 2112 522 2146 sum,
547 2107 590 2138 et
616 2096 730 2148 ideo,
755 2112 828 2138 vos
859 2096 1028 2155 prelati,
1053 2097 1309 2149 sacerdotes,
1333 2097 1528 2150 comites,
1553 2098 1751 2148 barones,
1774 2097 1934 2139 milites

408 2178 450 2209 et
476 2167 547 2209 alii
581 2167 835 2226 quicunque
863 2167 941 2226 qui
973 2167 1130 2210 similia
1163 2168 1458 2220 commisistis,
1495 2184 1569 2210 seu
1601 2168 1694 2226 qui,
1730 2168 1929 2219 scienter,

410 2238 667 2295 hujusmodi
696 2238 910 2280 committi
937 2238 1210 2297 permisistis,
1244 2239 1480 2281 restituatis
1501 2254 1552 2281 eo
1582 2238 1712 2281 modo
1738 2254 1827 2297 quo
1853 2254 1932 2297 po-

409 2309 550 2362 teritis
575 2309 786 2367 quicquid
813 2310 867 2351 ab
899 2309 995 2351 aliis
1019 2309 1130 2351 ultra
1157 2325 1303 2351 rerum
1335 2309 1522 2351 valorem
1556 2320 1704 2371 contra
1732 2308 1932 2351 volunta-

408 2390 494 2421 tem
535 2379 812 2422 venditorum
851 2396 929 2438 per
961 2391 1123 2422 vestros
1162 2380 1384 2422 ministros
1418 2391 1578 2422 temere
1612 2380 1849 2439 recepistis,
1890 2390 1934 2422 et

408 2460 528 2502 tunc,
553 2451 796 2509 penitencia
819 2450 938 2493 ducti
955 2449 984 2502 ¹,
1011 2450 1120 2493 forte
1139 2450 1341 2493 accedere
1361 2451 1557 2510 poteritis
1577 2450 1631 2492 ad
1652 2451 1802 2494 altare.

449 2696 523 2734 31..
550 2697 663 2744 ¹(sed
685 2703 777 2744 quot
794 2701 882 2732 sunt
902 2717 947 2724 —
976 2696 1193 2744 capiuntur)
1227 2697 1292 2731 sed
1321 2702 1413 2744 quot
1443 2702 1530 2731 sunt
1559 2696 1731 2731 homines
1757 2696 1795 2731 in
1823 2702 1926 2731 terra

402 2743 474 2779 ista
495 2758 516 2779 a
537 2745 675 2792 quibus
691 2745 903 2791 capiuntur,
925 2744 998 2786 Cl.,
1016 2744 1061 2781 V.
1080 2745 1122 2780 R.
1140 2765 1184 2771 —
1198 2745 1212 2767 2
1225 2745 1302 2791 (vel
1317 2745 1498 2779 committi
1513 2745 1768 2791 permiserunt
1781 2763 1826 2770 —
1839 2755 1925 2778 vere

403 2792 498 2826 tales
517 2805 592 2826 non
614 2792 793 2838 possunt)
812 2803 883 2826 om.
907 2791 980 2833 cl..
1004 2791 1049 2826 V.
1071 2791 1130 2833 R„
1155 2791 1196 2827 F.

454 2886 527 2924 32.
555 2887 567 2909 ¹
582 2891 745 2933 peracta,
769 2886 843 2928 Cl„
860 2886 904 2922 V.
926 2885 969 2922 R.

449 3014 487 3037 a.
515 3004 561 3037 R.
584 3003 647 3050 qui
670 3003 756 3038 facit
778 3015 846 3050 per
867 3003 993 3044 alium,
1022 3003 1077 3038 De
1104 3003 1260 3050 Regalis
1289 3002 1407 3044 Juris,
1436 3002 1474 3037 in
1498 3002 1651 3049 v10(R.
1687 3000 1854 3047 LXXII).
1885 3020 1933 3029 —

402 3048 834 3138 22⁸(ger5'1xpl'33—
852 3063 884 3086 c.
907 3050 948 3087 C.
971 3052 1029 3091 25,
1051 3052 1095 3085 D.
1118 3051 1167 3091 11,
1193 3049 1237 3085 de
1263 3062 1366 3086 cons.
1389 3068 1435 3077 —
1454 3049 1494 3084 d.
1527 3051 1565 3086 C.
1592 3051 1626 3091 4,
1652 3051 1690 3084 C.
1713 3049 1797 3091 xn,
1825 3051 1869 3096 Q.
1894 3050 1930 3084 2.
