2314 3736
1020 388 1260 430 —123—

373 478 436 521 Ιιίί
466 481 544 538 qui
564 477 755 536 filerunt
787 487 890 519 ante
916 482 1028 520 vos‘.
1066 478 1174 520 Nam
1207 477 1324 536 quod
1359 477 1561 536 iniquum
1594 488 1673 528 est,
1715 493 1803 519 non
1843 487 1908 519 est

376 548 643 591 faciendum.
675 548 764 590 Sed
787 548 942 606 diliges
963 550 1195 590 Dominum
1225 550 1364 591 Deum
1407 559 1540 601 tuum,
1580 564 1635 590 ex
1656 558 1742 590 toto
1778 549 1907 589 corde

374 630 461 674 tuo,
485 630 526 662 et
542 636 596 662 ex
615 629 704 661 tota
725 625 877 661 anima
894 629 987 673 tua,
1015 629 1054 661 et
1066 635 1121 661 esc
1137 629 1224 661 tota
1244 620 1507 677 fortitudine
1529 629 1617 661 tua.
1642 621 1702 661 Et
1721 635 1775 661 ne
1794 619 1903 661 obli-

375 694 556 734 viscaris
582 692 719 732 Deum
748 693 823 749 qui
841 691 984 732 educit
1002 700 1042 733 te
1066 691 1118 732 de
1139 700 1259 732 terra
1293 691 1459 748 Egipti,
1493 691 1547 732 de
1572 691 1696 732 domo
1727 693 1903 733 servitu-

373 765 456 814 tis‚·
496 761 539 803 id
573 772 636 803 est
672 760 725 802 de
763 761 959 803 custodia
1000 761 1149 803 matris
1200 772 1289 811 tue,
1341 772 1388 802 ut
1427 760 1588 803 dicitur
1632 762 1903 803 Deuterono-

374 833 477 885 mio,
497 833 534 890 vj
549 831 576 875 s.
609 832 663 873 Et
683 831 862 890 provide
889 831 985 885 tibi,
1011 832 1064 873 de
1084 831 1205 874 omni
1224 831 1352 890 plebe
1382 831 1502 874 viros
1524 831 1755 890 sapientes,
1782 842 1824 874 et
1850 831 1904 873 ti-

374 914 540 945 mentes
557 903 718 955 Deum,
736 902 778 944 in
797 902 958 961 quibus
979 902 1034 945 sit
1054 902 1226 954 veritas,
1252 913 1294 944 et
1310 902 1386 961 qui
1406 902 1579 945 oderint
1599 901 1825 944 avariciam
1845 914 1902 956 et,

374 973 562 1016 maxime
589 973 665 1032 qui
692 989 816 1016 senes
832 985 990 1016 suntet
1012 974 1274 1033 prudentes,
1299 974 1400 1032 quia
1425 985 1473 1016 ut
1492 974 1597 1016 dicit
1615 974 1906 1032 philosophus

373 1045 419 1087 in
443 1044 554 1087 libro
591 1045 850 1087 Ethicorum
891 1061 899 1087 :
942 1045 1222 1088 Credendum
1257 1056 1320 1088 est
1347 1045 1524 1088 senibus
1552 1040 1602 1087 u't
1633 1045 1898 1096 auctoritati,

375 1132 463 1158 non
481 1115 582 1174 quia
602 1116 727 1174 plura
754 1116 912 1169 sciunt,
951 1117 1025 1160 sed
1052 1117 1153 1175 quia
1182 1116 1307 1175 plura
1347 1116 1568 1169 viderunt,
1594 1127 1641 1159 ut
1662 1116 1902 1159 secundum

375 1203 527 1229 eorum
561 1187 794 1229 consilium
826 1188 1043 1245 gubernes
1077 1204 1260 1246 regnum
1293 1199 1417 1230 tuum
1447 1199 1489 1229 et
1522 1187 1728 1246 teipsum,
1769 1198 1812 1229 et
1840 1187 1902 1229 sic

375 1258 579 1316 adquires
595 1258 876 1300 dileccionem
904 1259 985 1300 Dei
1007 1270 1050 1301 et
1078 1259 1229 1318 populi
1253 1259 1333 1310 tui,
1358 1269 1399 1302 et
1414 1269 1622 1317 precepta
1648 1261 1906 1317 Dez'poteris

373 1328 659 1382 sustentare¹,
690 1340 732 1371 et
760 1341 922 1382 tenere,
943 1340 991 1372 ut
1010 1330 1170 1372 dicitur
1198 1331 1305 1372 Exo.
1335 1330 1485 1388 xviijss.
1513 1331 1567 1372 Et
1585 1341 1690 1372 tune
1710 1341 1841 1372 erunt
1859 1330 1903 1372 in

376 1399 456 1441 hac
485 1411 612 1451 terra,
638 1416 737 1459 pax,
773 1400 877 1459 legis
896 1401 1189 1454 observancia,
1215 1401 1449 1443 hominum
1480 1401 1637 1452 leticia,
1662 1400 1904 1459 beneplaci-

377 1481 470 1512 tum
516 1471 749 1522 Creatoris‚
786 1482 828 1514 et
865 1471 1083 1515 donorum
1123 1472 1324 1514 omnium
1368 1472 1609 1516 creditoris.
1646 1472 1744 1526 Que
1777 1471 1906 1514 nobis

376 1541 586 1584 concedat
611 1542 688 1600 qui
724 1542 828 1584 vivit
866 1553 908 1584 et
946 1554 1096 1602 regnat
1126 1559 1203 1602 per
1241 1543 1412 1586 infinita
1452 1543 1697 1586 seculorum
1741 1543 1903 1586 secula.

376 1613 519 1654 Amen
532 1611 561 1655 ².

434 1683 627 1741 Explicit
663 1683 845 1742 epistola
879 1684 992 1742 edita
1047 1684 1101 1726 ad
1140 1685 1372 1728 dominum
1410 1685 1708 1740 E[dwardum]
1759 1701 1902 1743 regem

375 1753 550 1812 Anglie.

420 1892 493 1930 45.
523 1894 534 1916 ¹
552 1894 753 1940 sustinere,
790 1894 864 1935 Cl.‚
885 1895 930 1929 V.
955 1896 999 1929 R.
1036 1915 1085 1922 —
1120 1896 1353 1931 2Premissis
1382 1902 1424 1931 ut
1456 1898 1688 1944 premitittur
1719 1897 1909 1932 ordinatis

374 1940 578 1975 videndum
596 1947 654 1975 est
675 1942 797 1987 primo
817 1942 978 1989 qualiter
994 1942 1162 1988 predicta
1181 1944 1277 1978 mala
1300 1945 1443 1989 poteris
1464 1947 1666 1980 emendare
1687 1951 1724 1979 et
1746 1945 1799 1979 sic
1819 1957 1909 1991 per-

374 1988 504 2022 venire
525 1989 571 2022 ad
586 2001 784 2023 numerum
806 1990 1086 2031 salvandorum,
1111 1990 1247 2025 deinde
1268 1991 1472 2027 videndum
1495 1998 1554 2027 est
1580 1992 1744 2040 qualiter
1767 1992 1907 2027 debeas

374 2034 501 2069 vivere
522 2041 558 2069 et
579 2037 625 2070 ad
645 2037 828 2082 populum
849 2042 954 2071 tuum
975 2043 1011 2072 te
1034 2037 1188 2074 habere.
1210 2037 1306 2073 add.
1327 2039 1369 2073 F.

374 2154 432 2189 30.
455 2172 500 2180 —
518 2154 548 2198 f.
570 2153 681 2189 Deut.
704 2154 769 2196 VI,
792 2155 825 2195 5,
851 2156 908 2190 13.
930 2174 977 2182 —
995 2168 1031 2203 g.
1055 2155 1175 2190 Exod.
1199 2156 1337 2198 XVIII,
1361 2158 1428 2198 21,
1452 2159 1511 2193 23.
