2314 3736
1102 298 1339 343 —130—

459 399 502 431 et
520 404 619 431 cum
646 387 765 431 luctu
788 399 830 431 et
849 387 998 431 dolore
1018 388 1072 432 de
1098 389 1180 432 hoc
1201 390 1366 433 mundo
1387 391 1582 435 exiturus
1607 391 1688 446 es‘,
1717 405 1760 437 et
1779 405 1826 439 tu
1841 395 1979 439 nescis

457 459 589 511 diem,
614 475 757 518 neque
776 459 944 503 horam.
970 460 1024 502 Et
1040 460 1261 520 distingue
1288 472 1394 504 tunc
1418 462 1605 521 qualiter
1629 464 1744 507 oculi
1756 477 1980 510 vertentur

458 529 501 572 in
525 530 679 589 capite,
710 546 816 572 vene
839 541 1100 589 rumpentur
1126 531 1170 573 in
1188 547 1383 591 corpore,
1411 544 1453 575 et
1472 549 1545 576 cor
1568 534 1789 578 scindetur
1808 536 1975 591 dolore,

456 613 499 643 et
523 617 620 644 cum
646 601 741 655 hoc,
769 601 929 660 cogites
950 601 1158 660 qualiter⁸
1184 613 1424 646 tractantur
1438 605 1601 648 mortui
1624 605 1974 665 etsepeliuntur:

455 671 643 731 qualiter
664 683 768 715 tunc
787 672 831 714 in
855 671 1004 714 faciem
1032 683 1074 715 et
1105 672 1149 715 in
1181 684 1350 732 tergum
1378 686 1631 729 versantur3
1664 677 1886 735 quomodo
1912 693 1977 721 ca-

454 743 562 785 dant
579 742 750 785 brachia
767 754 810 785 et
828 742 966 802 rigida
982 755 1084 786 sunt
1100 759 1223 787 crura
1240 760 1250 798 ;
1272 745 1496 802 quomodo
1517 745 1622 788 tibia
1639 748 1810 804 jaceant
1830 763 1841 801 ς
1865 763 1976 807 quo-

455 813 587 856 modo
616 813 885 866 induantur3
909 814 1129 872 quomodo
1149 826 1484 870 conversantur;
1526 817 1749 875 quomodo
1775 817 1976 861 deferan-

453 895 526 927 tur
545 884 598 926 ad
627 883 901 927 humandum
921 901 930 937 ;
948 885 1168 943 quomodo
1188 885 1473 929 mittanturin
1488 887 1732 942 tumulum3
1755 887 1976 947 quomodo

453 954 630 1014 pulvere
672 966 971 1014 contegantur.
1019 956 1074 998 Et
1109 955 1214 998 dicit
1257 956 1544 1016 Gregorius0:
1588 958 1677 1013 Qui
1730 957 1977 1002 considerat

453 1025 594 1085 qualis
621 1026 702 1069 erit
723 1026 767 1068 in
796 1037 950 1079 morte,
981 1043 1151 1086 semper
1178 1027 1359 1086 pavidus
1385 1028 1467 1071 erit
1493 1028 1537 1070 in
1559 1029 1770 1074 oratione.
1795 1030 1851 1072 Et
1877 1029 1975 1072 ideo

453 1112 699 1139 memorare
717 1100 953 1140 novissima
980 1107 1058 1140 tua
1070 1096 1102 1152 d,
1128 1109 1169 1140 et
1199 1098 1422 1141 horrorem
1451 1099 1626 1157 judIcii‚
1657 1115 1703 1143 ac
1724 1111 1890 1143 metum
1911 1115 1976 1142 ar·

452 1167 596 1210 dentis
615 1168 824 1227 gehennae
853 1167 964 1226 ignis
985 1169 1040 1210 ab
1065 1168 1201 1211 oculis
1222 1169 1364 1212 cordis
1394 1169 1458 1212 tui
1480 1170 1702 1230 elonguari
1725 1171 1975 1214 nullatenus

452 1238 646 1297 paciaris.
671 1238 890 1298 Intelligas
905 1255 1006 1298 ergo
1022 1239 1264 1298 ingressum
1284 1251 1409 1283 tuum
1426 1240 1469 1282 in
1488 1241 1603 1284 hunc
1623 1242 1837 1285 mundum
1854 1243 1972 1287 flebi-

451 1309 552 1363 lem,
577 1325 851 1368 progressum
877 1321 1002 1352 tuum
1032 1310 1236 1363 debilem,
1266 1322 1308 1353 et
1335 1327 1553 1370 egressum
1579 1312 1849 1358 horribilem.
1870 1314 1976 1358 Vult

451 1396 554 1439 ergo
566 1382 686 1423 Deus
704 1381 822 1439 quod
843 1381 1075 1423 novissima
1096 1392 1170 1423 tua
1190 1381 1371 1424 sollicite
1386 1382 1649 1440 provideas⁷,
1680 1395 1722 1426 et
1742 1384 1973 1428 novissima

450 1451 680 1511 providere
705 1462 770 1494 est
788 1467 958 1494 summa
986 1451 1122 1494 tocius
1147 1452 1379 1511 sapiencie.
1414 1454 1469 1495 Et
1489 1469 1574 1512 que
1600 1465 1703 1496 sunt
1732 1454 1804 1497 illa
1835 1455 1973 1499 novis-

451 1522 588 1565 sima?
606 1522 768 1581 Utique
787 1522 903 1565 illam
920 1522 1071 1565 horam
1086 1522 1154 1566 ⁸...
1179 1523 1433 1578 terribilem,
1458 1523 1576 1566 illam
1599 1525 1748 1567 horam
1765 1524 1970 1580 flebilem,

449 1591 567 1635 illam
585 1593 735 1636 horam
762 1593 1002 1636 terribilem
1029 1605 1071 1636 et
1100 1593 1351 1636 horribilem
1374 1594 1418 1636 in
1433 1589 1695 1653 qua'misera
1714 1595 1859 1640 anima
1880 1607 1969 1649 tua,

450 1679 501 1706 ex
515 1665 774 1724 corpusculo
795 1675 872 1708 tuo
891 1664 1183 1723 corruptibili,
1209 1665 1366 1707 timens
1380 1680 1428 1707 ac
1444 1676 1631 1709 tremens
1652 1677 1715 1710 est
1731 1682 1968 1726 egressura.

506 1807 595 1855 III.
631 1808 821 1851 Domine
848 1824 938 1862 rex,
962 1824 1079 1851 nunc
1098 1808 1223 1851 crede
1246 1808 1369 1861 mihi,
1402 1809 1456 1852 ad
1487 1809 1619 1867 hujus
1653 1810 1714 1852 rei
1748 1811 1972 1854 tremende

447 1879 860 1933 consideracionem,
903 1879 1106 1922 maluisse
1146 1879 1356 1922 debueras
1392 1880 1612 1938 possidere
1648 1881 1970 1939 providenciam

447 1965 580 2008 quam
597 1950 736 1992 tocius
758 1949 911 1992 mundi
930 1950 1133 1992 habuisse
1149 1949 1515 1994 dominacionem.
1534 1952 1583 1993 In
1605 1951 1677 1993 illa
1697 1967 1885 2010 namque
1902 1967 1969 1994 ex-

448 2031 584 2063 trema
621 2021 724 2063 hora
752 2020 883 2063 nimis
911 2020 1158 2073 metuenda,
1199 2020 1296 2079 quis
1326 2021 1580 2072 amicorum,
1614 2022 1712 2080 quis
1739 2033 1970 2081 parentum

447 2101 625 2134 tuorum
648 2091 823 2133 veniens
849 2107 948 2133 cum
970 2090 1124 2149 gladiis
1145 2102 1187 2133 et
1207 2091 1337 2134 armis
1358 2103 1400 2134 et
1421 2092 1544 2150 equis
1578 2092 1809 2145 bellicosis,
1847 2104 1970 2151 pote·

447 2161 504 2204 rit
525 2173 630 2204 tunc
651 2162 730 2204 tibi
757 2161 969 2204 auxilium
993 2162 1214 2220 prestare?
1235 2163 1332 2205 Non
1366 2162 1447 2205 erit
1476 2162 1552 2221 qui
1572 2163 1820 2206 consoletur
1852 2175 1893 2206 te
1918 2180 1970 2206 ex

445 2232 652 2275 omnibus
678 2232 786 2275 caris
813 2232 915 2276 tuis.
938 2234 1184 2291 Respiciens
1222 2237 1309 2275 eris
1341 2234 1404 2276 ad
1427 2234 1700 2292 adjutorium
1730 2234 1966 2288 hominum,

444 2304 524 2346 sed
556 2305 770 2362 refugium
811 2313 927 2345 tuum
966 2306 1050 2346 erit
1082 2305 1381 2346 tantummodo
1413 2305 1537 2362 apud
1573 2306 1707 2347 Deum
1719 2310 1752 2348 ⁰.
1796 2304 1969 2363 Cogites

445 2389 548 2433 ergo
570 2374 835 2432 frequenter,
867 2389 955 2432 quo
982 2373 1136 2416 timore
1152 2374 1370 2416 timendus
1398 2385 1477 2426 est,
1508 2391 1595 2433 quo
1615 2391 1761 2418 amore
1786 2374 1970 2434 diligen-

444 2444 543 2496 dus,
576 2460 664 2503 quo
692 2445 858 2487 honore
884 2444 1178 2487 venerandus¹
1208 2444 1264 2487 sit
1296 2444 1387 2504 ipse
1412 2446 1630 2489 Dominus
1657 2447 1776 2489 Deus
1804 2457 1967 2500 noster,

445 2515 521 2574 qui
542 2515 661 2558 solus
688 2515 767 2558 tibi
789 2514 1028 2574 presidium
1062 2515 1223 2574 poterit
1249 2527 1438 2574 prestare
1465 2527 1564 2575 post
1590 2527 1790 2559 mortem.
1820 2515 1971 2560 Reduc

443 2693 507 2722 tur
527 2688 568 2723 R.
591 2707 636 2714 —
656 2687 915 2722 ‘transiturus
937 2700 978 2722 es
999 2688 1059 2728 R„
1078 2691 1121 2722 A.
1142 2707 1189 2714 —
1204 2687 1220 2712 θ
1235 2689 1425 2734 quomodo
1447 2687 1506 2729 R„
1527 2687 1589 2728 A..
1611 2686 1675 2723 Hb.
1697 2707 1744 2715 —
1757 2686 1771 2709 '¹
1789 2692 1826 2722 et
1846 2687 1970 2722 consi·

445 2735 555 2770 deres
576 2735 670 2770 add.
695 2736 736 2770 R.
754 2756 802 2762 —
818 2734 832 2756 ⁸
848 2737 976 2782 utique
996 2735 1061 2770 illa
1082 2735 1174 2770 hora
1196 2735 1380 2770 terribilis
1398 2735 1435 2769 in
1455 2747 1527 2781 qua
1549 2734 1686 2769 misera
1703 2735 1827 2776 anima
1848 2734 1894 2768 R.

490 2830 574 2868 111.
602 2830 613 2853 ¹
634 2830 879 2865 honorandus
901 2830 944 2863 R.
967 2849 1005 2857 -—
1031 2830 1046 2852 ²
1065 2835 1265 2876 antequam
1296 2829 1355 2870 R.,
1379 2829 1442 2864 Hb.
1468 2849 1512 2856 —
1533 2829 1671 2864 ³vadat
1692 2829 1735 2865 B.
1757 2848 1802 2856 —
1829 2828 1895 2863 ‘in
1920 2829 1969 2864 ti-

443 2946 523 2988 XL,
544 2949 585 2982 11
598 2960 606 2988 ;
620 2946 718 2987 XLI,
735 2948 790 2982 13.
813 2966 856 2973 -
873 2959 905 2981 c.
920 2946 1046 2981 Sancti
1061 2945 1239 2992 Gregorii
1260 2945 1478 2987 Moralium,
1498 2945 1584 2980 Lib.
1603 2945 1706 2987 XIII,
1720 2945 1814 2992 Cap.
1831 2946 1965 2982 XXIX·

442 2995 539 3040 §33,
557 2996 601 3029 P.
624 2995 680 3035 L„
703 3000 730 3028 t.
754 2993 899 3035 LXXV,
923 3006 960 3040 p.
986 2995 1090 3029 1032.
1113 3012 1158 3020 —
1178 2992 1217 3027 d.
1238 2993 1353 3028 Eccli.
1377 2993 1460 3034 Vll,
1485 2994 1542 3028 40.

492 3100 529 3124 a.
558 3088 672 3123 Eccli.
698 3088 759 3130 LI,
781 3090 836 3124 10.
855 3109 898 3115 —
921 3087 955 3123 b.
986 3088 1100 3123 Eccli.
1124 3088 1207 3129 vn,
1231 3089 1288 3124 40.

2310 2022 2314 2037 Ι

2307 2071 2314 2144 ἐ
