2444 3750
1232 335 1445 376 -18-

575 462 915 519 argumentum
935 470 1033 519 quo
1050 452 1321 500 ostenditur
1342 452 1533 500 libellus
1549 457 1585 501 A
1598 453 1737 502 alteri
1751 457 2063 520 praecessisse
2081 457 2101 503 ?

577 546 645 590 Ex
683 559 741 591 eo
778 542 976 601 scilicet,
1014 541 1145 607 quod
1187 542 1235 588 in
1277 542 1382 607 ipso
1422 559 1499 590 res
1538 542 1766 591 alacriore
1810 545 1922 602 vita,
1965 545 2100 610 quasi

578 648 747 690 novae,
775 639 1100 696 exponuntur,
1127 638 1294 677 contra
1322 631 1370 676 in
1391 630 1552 678 libello
1571 635 1614 678 ,Β
1640 631 1750 697 plus
1776 649 1950 698 operae
1971 631 2099 680 labo·

577 721 739 785 risque
792 720 1110 777 consumitur,
1158 727 1211 766 ut
1265 739 1287 763 «
1338 719 1467 766 hanc
1514 725 1922 768 ammonicionem
1969 721 2099 768 salu·

583 830 605 854 «
645 810 862 868 tifbram,
897 826 997 855 non
1032 813 1083 854 in
1119 812 1346 865 transita,
1392 812 1539 855 immo
1575 826 1686 856 cum
1716 811 1880 856 studio
1919 821 1964 857 et
1989 810 2099 857 dili·

577 918 599 943 «
634 902 804 962 gentia
825 915 919 945 rex
946 897 1272 944 consideret¹.
1306 916 1327 940 »
1359 896 1454 944 Sed
1478 906 1530 945 ut
1557 897 1863 946 admittamus
1882 897 2102 946 libellum

573 991 611 1035 A
644 987 854 1052 priorem
888 1003 991 1034 esse
1020 985 1184 1033 libello
1214 989 1267 1044 B,
1310 1003 1408 1032 non
1437 985 1743 1034 mediocriter
1769 987 1974 1035 suadent
2004 986 2102 1034 duo

582 1076 673 1124 loci
694 1075 841 1122 libelli
870 1079 922 1122 Β.

644 1168 904 1229 Postquam
925 1164 1054 1211 enim
1075 1164 1286 1211 incitavit
1307 1163 1590 1211 Edwardum
1613 1165 1817 1229 scriptor
1841 1163 1899 1211 ad
1927 1163 2019 1212 hoc
2050 1172 2104 1211 ut

577 1270 763 1301 errores
790 1253 949 1300 curiae
974 1253 1251 1317 corrigeret,
1284 1253 1440 1317 ipsum
1472 1253 1638 1299 invitat
1677 1261 1729 1300 ut
1755 1252 1880 1318 legat
1900 1257 2102 1318 quinam

574 1346 672 1389 sint
691 1342 770 1388 illi
788 1359 983 1388 errores
1010 1345 1060 1387 in
1089 1342 1311 1406 quadam
1340 1358 1531 1388 summa
1564 1342 1757 1388 modica
1784 1359 1879 1406 que
1898 1346 1966 1389 sic
1985 1346 2100 1388 inci-

570 1435 682 1496 pit.-
707 1433 895 1477 Domum
921 1447 973 1477 Ml
1000 1429 1143 1478 Rex&
1168 1433 1335 1488 Porro,
1365 1429 1456 1476 hoc
1474 1438 1546 1477 est
1572 1430 1729 1495 ipsum
1750 1431 1937 1477 initium
1956 1429 2103 1478 libelli

580 1523 634 1566 A.
663 1522 867 1584 Nempe,
890 1527 1058 1566 auctor
1084 1519 1186 1584 ipse
1205 1535 1315 1565 cum
1341 1517 1415 1565 his
1442 1517 1598 1566 verbis
1623 1518 1683 1566 ad
1708 1518 1837 1566 aliud
1858 1518 2102 1584 quoddam

578 1624 702 1673 opus
737 1624 877 1654 suum
909 1607 1128 1666 remittit,
1161 1607 1289 1664 satis,
1326 1615 1379 1654 ut
1404 1606 1611 1666 videtur,
1639 1607 1797 1654 innuit
1827 1606 2041 1655 libellum
2067 1610 2103 1654 Α

576 1697 791 1761 priorem
810 1712 915 1744 esse
936 1695 1100 1743 libello
1119 1699 1173 1742 Β.

639 1788 747 1832 Non
785 1792 947 1832 tamen
987 1785 1264 1849 ignoramus
1308 1782 1447 1845 objici
1479 1800 1619 1849 posse
1655 1783 1773 1831 haec
1820 1784 1919 1849 ipsa
1958 1783 2103 1832 verba

578 1873 720 1921 etiam
750 1872 842 1938 legi
874 1874 1008 1920 initio
1046 1871 1195 1919 libelli
1227 1876 1280 1919 B.
1321 1875 1380 1919 At
1414 1889 1546 1930 vero,
1585 1889 1683 1918 non
1710 1871 1818 1919 ideo
1849 1871 2103 1935 rejicienda

578 1970 744 2009 nostra
778 1962 1095 2009 ratiocinatio.
1142 1961 1351 2020 Etenim,
1398 1961 1436 2007 si
1479 1961 1528 2007 in
1574 1961 1906 2026 suprascriptis
1946 1959 2103 2008 verbis

576 2058 745 2098 auctor
774 2049 834 2097 de
862 2049 1024 2097 libello
1054 2053 1088 2096 B
1109 2050 1300 2114 egisset,
1331 2066 1430 2096 non
1460 2048 1672 2107 dixisset,
1706 2057 1758 2095 ut
1781 2048 1947 2096 saltem
1976 2049 2103 2096 veri-

580 2137 734 2186 simile
767 2138 984 2186 videtur:
1016 2139 1125 2185 vide
1150 2142 1202 2185 in
1230 2138 1451 2202 quadam
1469 2154 1676 2195 summa,
1709 2135 1816 2184 sed:
1846 2137 1968 2202 lege,
1996 2135 2104 2184 vide

579 2227 629 2274 in
655 2226 744 2274 hac
764 2243 969 2274 summa.
1861 2280 1863 2282 V

641 2318 887 2373 Ceterum,
918 2315 1067 2362 cuivis
1094 2314 1271 2380 legenti
1299 2314 1348 2361 in
1375 2313 1547 2362 eodem
1568 2311 1730 2360 libello
1759 2284 1963 2360 Bsfisnem
1987 2314 2015 2375 ξ
2036 2317 2099 2372 V,

575 2404 654 2452 vix
691 2403 787 2451 ulla
826 2403 1064 2468 supererit
1105 2402 1357 2450 dubitatio.
1398 2402 1469 2449 Ibi
1511 2402 1640 2450 enim
1684 2400 1801 2449 haec
1842 2402 2098 2466 leguntur:

585 2511 607 2537 «
642 2491 803 2539 Mulie
829 2502 942 2538 sunt
968 2491 1069 2538 alie
1101 2507 1248 2538 cause
1275 2491 1338 2538 de
1363 2490 1540 2555 quibus
1572 2500 1813 2536 tractatur
1839 2494 1889 2536 in
1907 2490 2102 2538 modica

587 2600 608 2626 «
642 2598 834 2628 summa
853 2598 948 2645 que
971 2585 1041 2627 sic
1061 2584 1261 2644 incipit:
1284 2583 1472 2627 Domum
1499 2595 1550 2625 Ml
1578 2582 1675 2627 Rnx
1701 2595 1758 2625 Ex
1784 2579 1968 2634 Quo⁸...
2012 2598 2034 2623 »

639 2673 880 2727 Jamvero,
911 2669 1030 2717 haec
1059 2668 1203 2716 verba
1237 2668 1365 2716 clare
1385 2667 1603 2715 libellum
1632 2671 1669 2714 A
1699 2666 1927 2715 indicant.
1961 2670 2099 2727 Nam,

577 2760 666 2806 etsi
694 2758 882 2805 libellus
921 2766 1125 2822 uterque
1163 2758 1229 2804 sic
1261 2757 1453 2822 incipit:
1494 2760 1706 2803 Domine
1733 2760 1804 2803 mi
1833 2773 1942 2814 rex,
1973 2757 2103 2803 solus

582 2855 741 2894 tamen
780 2845 967 2893 libellus
1010 2849 1045 2892 A
1081 2853 1338 2910 sequentes
1386 2861 1527 2892 voces
1570 2843 1790 2891 exhibet:
1829 2860 1886 2890 Ex
1936 2860 2096 2899 Quo...

635 3007 672 3043 1.
702 3007 732 3042 B
752 3005 772 3055 ς
790 3006 840 3043 11.

630 3065 669 3102 2.
701 3066 730 3102 B
749 3065 769 3113 ἓ
790 3065 817 3110 Ι,
843 3064 975 3102 ultima
994 3063 1127 3102 verba.

637 3125 673 3163 3.
705 3124 733 3159 B
753 3124 772 3172 §
794 3124 839 3168 V,
862 3122 994 3161 ultima
1015 3121 1147 3160 verba.
