2314 3736
1120 322 1358 364 —132—

482 409 563 453 hoc
592 409 842 463 advertens3
867 421 910 452 et
931 410 1116 454 maxime
1143 412 1217 454 ubi
1264 412 1355 471 ipse
1376 428 1449 454 rex
1483 411 1660 454 deberet
1680 428 1771 455 esse
1797 412 2001 467 affabilis,

479 480 675 530 humilis,
702 480 819 523 mitis
840 491 882 522 et
910 480 1156 524 innocens¹.
1191 483 1328 526 Causa
1357 482 1520 525 doloris
1548 483 1698 541 populi
1725 482 1779 526 de
1814 495 1890 527 tuo
1925 484 2005 528 ad-

482 562 614 593 ventu
644 562 723 603 est,
746 550 847 609 quia
871 551 1059 594 ministri
1089 553 1151 595 tui
1173 553 1352 611 capiunt
1373 554 1486 595 bona
1516 554 1649 595 multa
1677 565 1825 596 contra
1847 554 2004 597 volun-

481 631 612 663 tatem
647 620 927 663 dominorum
964 637 1044 680 pro
1083 622 1240 665 minori
1277 623 1421 682 precio
1459 639 1590 681 quam
1625 623 1842 666 voluerint
1881 624 2000 675 dare,

478 707 576 734 cum
593 692 705 734 bona
725 691 784 734 sic
795 691 1030 750 capiuntur
1046 694 1100 735 ab
1113 693 1189 747 eis,
1207 693 1405 751 quamvis
1426 693 1588 745 invitis,
1608 693 1802 752 predicto
1817 693 1999 753 precio’.

480 762 525 805 Si
554 761 688 805 velint
709 762 939 821 pecuniam
961 763 1151 806 debitam
1171 764 1224 806 de
1252 764 1337 806 tuis
1373 763 1582 806 ministris
1622 764 1795 816 habere,
1831 775 2003 824 oportet

478 849 550 876 eos
578 833 773 875 laborare
800 849 876 892 per
899 833 1096 892 quinque
1123 835 1195 877 vel
1237 850 1309 876 sex
1334 835 1490 886 leucas,
1518 846 1560 877 et
1583 835 1848 894 quandoque
1868 835 1998 890 ultra,

477 903 530 946 ad
558 903 787 963 pecuniam
828 904 1113 962 querendam,
1157 916 1198 947 et
1233 905 1342 947 forte
1369 905 1530 947 ibidem
1562 905 1718 947 morari
1753 921 1829 964 per
1861 922 2001 949 unum

479 974 594 1016 diem
622 985 664 1017 et
684 990 786 1033 sepe
809 975 1025 1034 contingit
1047 975 1166 1034 quod
1188 991 1276 1018 non
1298 975 1530 1035 expedient
1551 975 1633 1018 nisi
1661 975 1827 1034 aliquid
1847 975 1902 1019 de
1922 992 2001 1020 suo

477 1044 722 1095 dederint⁸‚
748 1061 827 1104 pro
854 1045 966 1088 dicta
994 1046 1175 1105 pecunia
1198 1046 1476 1105 acquirenda,
1506 1046 1646 1089 etheo
1671 1057 1735 1089 est
1762 1063 1847 1090 una
1874 1062 1999 1090 causa

477 1115 640 1158 doloris
661 1115 831 1175 populi.
861 1115 958 1159 Alia
978 1132 1104 1159 causa
1128 1128 1192 1159 est
1221 1117 1323 1176 quia
1350 1133 1624 1176 precursores
1651 1128 1724 1160 tue
1757 1116 1877 1160 curie
1902 1133 1999 1177 gar-

477 1186 624 1229 ciones
652 1197 694 1229 et
714 1186 786 1229 alii
815 1186 995 1246 capiunt
1015 1187 1215 1230 homines
1246 1199 1288 1230 et
1316 1204 1450 1246 equos
1472 1188 1716 1230 laborantes
1740 1187 1850 1231 circa
1886 1188 1999 1248 agri-

476 1257 692 1300 culturam
719 1274 729 1310 ;
753 1268 796 1300 et
816 1257 1016 1301 animalia
1044 1274 1129 1316 que
1155 1269 1314 1301 terram
1336 1271 1460 1301 arant
1488 1270 1530 1301 et
1557 1258 1721 1301 semina
1742 1269 1917 1317 portant
1943 1259 1999 1302 ad

475 1343 646 1387 agrum,
667 1339 717 1370 nt
734 1328 934 1371 laborent
954 1345 1030 1388 per
1050 1329 1160 1372 duos
1178 1329 1243 1371 vel
1259 1340 1344 1372 tres
1365 1329 1456 1372 dies
1477 1329 1522 1371 in
1549 1339 1627 1372 tuo
1648 1327 1866 1380 sewicio‘,
1885 1328 1997 1372 nihil

476 1414 556 1457 pro
584 1399 732 1441 labore
753 1398 1056 1458 percipientes,
1079 1415 1178 1442 cum
1207 1411 1351 1442 tamen
1379 1411 1575 1458 tempore
1598 1415 1751 1458 guerre
1772 1415 1859 1442 non
1886 1410 1998 1442 esset

478 1469 741 1522 faciendum,
781 1469 883 1528 quia
922 1478 1117 1529 tempore
1157 1487 1311 1529 guerre
1343 1470 1503 1512 debent
1532 1469 1806 1513 securitatem
1839 1469 1997 1513 habere

476 1539 722 1598 presbiteri,
772 1540 989 1594 monachi,
1038 1541 1233 1584 conversi
1267 1552 1541 1594 mercatores,
1583 1540 1731 1584 rustici
1765 1551 1918 1583 euntes
1954 1551 1997 1583 et

476 1610 724 1664 redeuntes,
748 1610 791 1653 in
815 1610 1123 1670 agriculturam
1146 1612 1378 1654 existentes
1402 1629 1412 1665 ;
1442 1623 1484 1654 et
1512 1610 1713 1654 animalia
1744 1627 1829 1670 que
1866 1622 1991 1654 arant

474 1692 517 1724 et
531 1681 695 1724 semina
722 1693 899 1740 portant
919 1682 970 1724 ad
993 1698 1171 1741 agrum3
1201 1693 1244 1724 et
1272 1682 1409 1725 multo
1438 1682 1598 1724 sorcius
1637 1682 1799 1724 debent
1838 1682 1995 1724 habere

473 1752 747 1795 securitatem
770 1763 966 1811 tempore
987 1752 1101 1811 pacis
1129 1753 1239 1795 sicut
1266 1769 1382 1795 nunc
1415 1764 1494 1807 est,
1525 1764 1801 1812 preterquam
1835 1752 1879 1794 in
1908 1752 1994 1795 illis

473 1822 577 1866 locis
605 1822 649 1865 in
671 1823 833 1881 quibus
861 1834 907 1865 tu
937 1823 1055 1866 venis
1082 1839 1180 1866 cum
1218 1823 1379 1866 familia
1410 1835 1499 1876 tua,
1535 1823 1611 1866 ubi
1649 1822 1767 1865 nulla
1794 1834 1858 1865 est
1890 1839 1989 1882 pax.

472 1895 528 1936 Et
552 1893 650 1936 ideo
670 1909 770 1936 cave
797 1893 891 1936 tibi.
917 1895 1024 1936 Item
1040 1893 1279 1952 aliquando
1300 1894 1516 1953 contingit
1534 1893 1651 1952 quod
1680 1893 1814 1952 aliqui
1848 1893 1903 1936 de
1933 1893 1991 1936 fa-

473 1964 590 2007 milia
624 1963 722 2007 tua¹⁵
755 1964 909 2007 volunt
947 1965 1106 2007 habere
1146 1965 1358 2016 homines,
1399 1981 1548 2024 equos,
1581 1975 1783 2016 careotas,
1822 1964 1867 2006 in
1906 1980 1992 2007 una

470 2034 713 2094 parochia⁶.
757 2034 824 2077 Illi
855 2035 909 2077 de
939 2035 1139 2094 parochia
1170 2035 1436 2078 conveniunt
1465 2051 1561 2077 cum
1597 2035 1658 2077 eis
1694 2051 1772 2094 pro
1810 2034 1989 2078 dimidia

470 2121 611 2148 marca
627 2105 691 2147 vel
714 2105 825 2164 plus,
855 2106 922 2148 vel
944 2105 1106 2159 minus,
1130 2117 1179 2148 ut
1206 2106 1374 2165 possint
1400 2106 1519 2148 domi
1541 2122 1778 2158 remanere,
1820 2116 1863 2148 et
1901 2121 1988 2148 non

470 2176 665 2219 laborare
685 2176 730 2219 in
753 2187 828 2219 tuo
850 2176 1042 2219 servicio.
1068 2176 1151 2219 Die
1165 2176 1380 2234 sequenti,
1401 2177 1465 2219 vel
1481 2176 1715 2235 aliquando
1733 2176 1884 2218 eodem
1900 2176 1985 2228 die,

467 2246 651 2290 veniunt
665 2247 736 2289 alii
758 2247 811 2289 de
832 2258 905 2289 tua
927 2246 1087 2290 familia
1103 2258 1145 2289 et
1165 2247 1368 2306 capiunt⁷
1388 2263 1539 2305 equos,
1558 2258 1759 2298 careotas,
1777 2246 1820 2288 in
1839 2246 1988 2289 eadem

466 2317 685 2376 parochia,
715 2317 913 2376 quamvis
941 2317 1004 2360 illi
1026 2317 1101 2376 qui
1122 2318 1323 2360 dederint
1343 2317 1568 2360 dimidiam
1592 2333 1776 2360 marcam
1797 2317 1986 2360 credide·

465 2399 570 2431 runt
604 2388 876 2431 securitatem
910 2388 1112 2431 habuisse
1141 2400 1184 2431 et
1216 2388 1311 2431 ideo
1349 2404 1448 2431 cave
1469 2387 1564 2433 tibi.
1601 2388 1740 2431 Multe
1770 2399 1872 2430 sunt
1906 2387 1988 2431 alie

463 2474 590 2501 cause
616 2458 669 2501 de
689 2458 850 2517 quibus
881 2470 1088 2502 tractatur
1115 2458 1159 2501 in
1188 2458 1354 2502 modica
1382 2475 1551 2502 summa
1579 2474 1664 2517 que
1685 2457 1794 2501 est⁸:
1825 2459 1863 2501 O
1894 2459 1985 2502 Do-

463 2529 581 2572 mine
607 2529 666 2572 mi
690 2545 764 2572 rex
786 2545 836 2572 ex
858 2545 962 2588 quo,
987 2540 1067 2572 etc.

500 2924 556 2964 V.
585 2924 596 2949 ¹
618 2923 683 2960 ubi
703 2937 766 2960 rex
788 2932 845 2961 est
863 2924 1028 2966 humilis,
1052 2923 1226 2966 affabilis,
1247 2923 1349 2961 mitis
1370 2931 1407 2960 et
1426 2924 1608 2960 innocens
1625 2923 1685 2967 A..
1702 2923 1768 2960 Hb.
1788 2923 1976 2994 —⁹(pre·-

457 2974 557 3008 dicto
578 2974 723 3019 precio)
745 2986 812 3019 pro
831 2974 968 3008 minori
986 2973 1113 3019 precio
1136 2974 1194 3013 R„
1216 2973 1261 3007 A.
1288 2992 1328 2999 —
1350 2972 1474 3007 ³forte
1495 2973 1616 3007 adhuc
1636 2972 1696 3014 A.,
1721 2972 1784 3007 Hb.
1820 2993 1863 3000 —
1917 2973 1975 3019 (in

456 3026 519 3054 tuo
536 3020 716 3066 servicio)
732 3027 855 3055 tamen
878 3026 1046 3066 tempore
1068 3032 1204 3066 guerre
1226 3032 1300 3054 non
1322 3026 1380 3053 est
1402 3020 1626 3055 faciendum.
1646 3019 1839 3055 Debent...
1863 3020 1906 3054 R.
1928 3040 1975 3048 —

454 3066 470 3091 ³
484 3068 530 3101 de
551 3067 654 3102 curia
673 3073 734 3102 tua
756 3068 800 3101 R.
821 3087 868 3093 —
896 3066 910 3089 ⁶
924 3074 965 3102 ut
985 3068 1201 3102 deserviant
1219 3066 1287 3101 tibi
1312 3066 1405 3103 add.
1447 3067 1490 3101 R.
1519 3086 1564 3094 —-
1594 3066 1769 3114 ⁷capiunt
1800 3067 1972 3102 homines

454 3125 587 3161 equos.
610 3115 652 3148 R.
675 3134 720 3140 —
740 3114 754 3135 ⁸
769 3115 901 3160 incipit
922 3115 966 3148 R.
