2314 3736
1143 316 1380 358 —152—

500 414 579 453 tui.
630 408 773 451 Exodi
806 423 889 450 xx:
932 408 1030 451 Non
1059 406 1332 449 desiderabis
1365 406 1547 459 bovem,
1582 416 1632 448 ut
1666 421 1795 464 supra
1828 417 2019 451 notatur.

497 481 584 523 Nec
602 479 762 522 mirum
778 479 814 521 si
830 479 951 521 Deus
972 478 1116 520 mittat
1136 477 1217 520 tibi
1244 477 1590 536 persecucionem
1611 487 1652 518 et
1672 476 2019 530 tribulacionem,

498 551 534 594 si
557 550 611 593 de
637 561 780 592 cetero
805 549 948 608 capias
970 549 1114 607 aliqua
1135 550 1248 590 bona
1271 547 1466 601 alterius,
1495 558 1643 590 contra
1676 563 1797 590 suam
1828 547 2022 590 volunta-

501 632 602 674 tem,
629 623 755 680 juxta
783 620 890 663 illud
921 619 1029 662 Isaie
1064 636 1223 662 xxxni:
1270 620 1323 662 Ve
1349 625 1424 678 qui
1449 619 1669 677 predaris,
1703 634 1844 661 nonne
1868 629 1908 661 et
1933 621 2024 678 ipse

493 692 753 753 predaberis
765 691 795 734 d.
828 691 954 744 Vide,
978 690 1086 749 quid
1112 690 1266 733 accidit
1293 690 1404 749 patri
1426 700 1517 732 tuo.

556 832 749 880 XXHI.
785 834 909 886 Item,
934 848 1087 875 moneo
1106 843 1147 875 te
1169 832 1418 891 frequenter
1437 830 1649 884 confiteri,
1675 842 1717 874 et
1736 831 1854 890 quod
1870 831 2022 875 hones-

500 919 566 948 tos
588 916 630 948 et
656 905 864 947 discretos
885 904 1017 963 eligas
1038 903 1321 954 confessores,
1353 903 1430 961 qui
1457 903 1593 944 sciant
1623 913 1664 944 te
1690 902 1857 955 docere,
1888 919 1910 946 a
1934 919 2023 962 quo

498 977 555 1019 sit
574 975 813 1019 cavendum
842 975 938 1028 tibi,
963 986 1007 1017 et
1028 974 1144 1033 quod
1166 985 1365 1033 oporteat
1385 985 1425 1016 te
1448 974 1599 1017 facere.
1623 974 1677 1016 Et
1709 985 1794 1016 tam
1832 973 2024 1017 modeste

498 1059 539 1090 te
567 1048 742 1099 habeas,
772 1047 890 1105 quod
912 1046 1180 1088 confessores
1214 1046 1279 1088 tui
1300 1056 1341 1088 et
1367 1045 1442 1087 alii
1468 1045 1593 1087 amici
1614 1061 1762 1087 secure
1789 1044 1958 1104 possint
1982 1055 2024 1088 te

496 1118 830 1179 reprehendere,
857 1118 891 1160 si
919 1133 1090 1159 necesse
1112 1117 1257 1159 fuerit.
1287 1117 1351 1158 Ex
1373 1117 1451 1159 hac
1471 1116 1785 1159 ammonit-ione
1805 1116 2018 1174 sequitur,

497 1190 618 1249 quod
646 1205 735 1232 non
753 1189 884 1232 debes
905 1188 1071 1247 aliquid
1093 1204 1244 1247 capere
1276 1199 1424 1230 contra
1465 1188 1731 1230 voluntatem
1765 1187 2017 1230 venditoris.

498 1262 607 1306 Nam
627 1260 851 1303 confessor
872 1271 974 1303 tuus
1000 1259 1114 1302 dicet
1141 1259 1219 1301 tibi
1248 1259 1365 1318 quod
1394 1259 1475 1301 hoc
1500 1270 1564 1301 est
1590 1269 1737 1300 contra
1772 1269 2022 1317 preceptum

500 1332 695 1385 Domini,
725 1331 891 1390 aliquid
913 1347 1064 1390 capere
1084 1342 1231 1373 contra
1259 1330 1525 1373 voluntatem
1549 1330 1825 1372 dominorum
1847 1345 2018 1383 rerum;

499 1415 548 1446 ut
583 1403 760 1456 dicitur,
796 1402 937 1445 Exodi
969 1419 1049 1456 xx3
1091 1401 1189 1444 vide
1222 1401 1510 1444 Ecclesiastici
1550 1418 1645 1443 xix:
1687 1402 1774 1459 Qui
1810 1401 1901 1443 odit
1930 1416 2020 1443 eor·

499 1479 757 1535 repcionem,
789 1478 1009 1517 minuetur
1035 1477 1128 1533 ejus
1150 1477 1279 1517 vitaa.
1311 1475 1367 1516 Et
1386 1473 1515 1515 debet
1536 1474 1678 1515 bonus
1705 1472 1927 1514 confessor
1942 1472 2022 1514 tibi

499 1548 747 1606 injungere,
770 1545 890 1605 quod
912 1545 1034 1588 nullo
1056 1545 1184 1588 modo
1206 1545 1429 1604 permittas
1451 1545 1503 1587 de
1523 1555 1664 1586 cetero
1686 1543 1783 1586 talia
1807 1543 1916 1596 fieri,
1935 1543 2021 1586 die-

499 1618 584 1661 bus
611 1618 714 1671 tuis,
740 1618 776 1660 si
797 1618 984 1660 animam
1005 1628 1123 1660 tuam
1142 1616 1304 1659 salvare
1324 1616 1556 1659 desideras.
1583 1617 1638 1658 Et
1664 1626 1834 1657 tenetur
1859 1613 2020 1656 confes-

501 1706 573 1733 sor
596 1700 698 1732 tuus
714 1689 795 1731 hoc
815 1689 957 1731 dicere
978 1689 1073 1731 tibi.
1109 1687 1236 1730 Unde
1268 1688 1428 1730 Seneca
1468 1687 1513 1729 in
1548 1686 1740 1746 Epistola
1777 1702 1785 1728 ι
1828 1685 1967 1728 Amici
1986 1685 2022 1727 si

500 1761 603 1804 vitia
644 1761 770 1815 feras,
801 1760 904 1803 facis
928 1771 1017 1812 tua,
1051 1759 1149 1802 ideo
1179 1760 1273 1817 ejus
1303 1759 1406 1801 vitia
1443 1758 1567 1800 tollas
1602 1768 1651 1800 ut
1684 1768 1773 1808 tua,
1809 1767 2022 1815 quantum

500 1843 638 1893 potes.

558 1972 748 2020 XXIV.
785 1974 909 2027 Item,
930 1974 965 2015 si
987 1973 1118 2016 habes
1136 1973 1326 2031 aliquam
1341 1971 1482 2014 cordis
1497 1971 1831 2024 desolacionem,
1849 1969 1918 2012 dic
1931 1985 2023 2012 eam

498 2045 737 2088 confessori
757 2056 849 2099 tuo,
874 2045 938 2087 vel
960 2044 1102 2087 alieno
1136 2045 1273 2103 probo
1309 2044 1416 2096 viro,
1448 2054 1491 2085 et
1511 2053 1615 2085 tunc
1641 2042 1792 2095 levius,
1826 2052 1869 2083 et
1894 2041 2023 2084 letius

501 2116 610 2159 feres
638 2132 746 2161 eam.
777 2117 949 2168 Averte,
974 2116 1150 2158 domine
1171 2131 1260 2168 rex,
1279 2114 1385 2172 quid
1398 2113 1619 2156 confessor
1639 2124 1740 2155 tuus
1756 2112 1820 2154 vel
1836 2111 2019 2165 alienus,

500 2189 646 2231 bonus
667 2188 731 2231 vir
751 2188 866 2230 inter
884 2198 1021 2229 cetera
1045 2186 1157 2228 dicet
1185 2186 1264 2228 tibi
1284 2202 1291 2228 :
1317 2185 1505 2228 Domine
1526 2185 1585 2226 mi
1600 2200 1689 2235 reli,
1716 2184 1868 2226 merito
1892 2183 2023 2225 debes

501 2261 660 2302 habere
686 2259 828 2302 cordis
850 2258 1182 2310 desolacionem,
1206 2257 1307 2316 quia
1334 2256 1497 2299 infiniti
1527 2256 1724 2298 homines
1752 2266 1794 2297 et
1823 2255 2023 2297 mulieres

500 2332 664 2374 habent
684 2330 1000 2373 desolacionem
1021 2330 1179 2381 cordis,
1206 2329 1282 2371 ubi
1307 2339 1352 2370 tu
1384 2328 1519 2379 venis,
1545 2343 1623 2385 pro
1650 2343 1700 2369 eo
1727 2327 1844 2385 quod
1873 2325 2023 2368 famuli

501 2403 566 2445 tui
586 2402 766 2461 capiunt
785 2417 852 2444 res
867 2401 1051 2443 aliorum
1072 2411 1219 2443 contra
1249 2415 1399 2442 eorum
1420 2398 1703 2442 voluntatem.
1728 2398 1782 2439 Et
1804 2395 1917 2449 ideo,
1938 2407 2023 2438 sta-

503 2485 599 2516 tuas
620 2473 739 2531 quod
766 2473 820 2515 de
839 2483 996 2525 cetero,
1028 2471 1128 2514 talia
1151 2487 1238 2513 non
1267 2470 1387 2523 fiant,
1415 2485 1468 2511 ne
1488 2469 1682 2511 incurras
1706 2470 1913 2526 majorem
1926 2483 2021 2510 cor-

504 2545 571 2587 dis
597 2544 928 2595 desolacionem,
960 2542 1184 2585 tristiciam
1210 2552 1252 2584 et
1272 2541 1479 2584 dolorem.

562 2684 728 2731 XXV.
766 2686 888 2738 Item,
922 2685 1108 2727 libenter
1146 2683 1248 2726 audi
1283 2682 1472 2725 officium
1510 2681 1701 2735 ecclesie,
1738 2691 1781 2724 et
1814 2695 1912 2723 cum
1949 2679 2023 2722 diu

503 2758 586 2800 eris
613 2758 658 2799 in
680 2756 871 2808 ecclesia,
890 2771 991 2798 cave
1019 2772 1072 2797 ne
1100 2770 1203 2814 vage
1222 2754 1556 2812 circumspicias,
1588 2768 1666 2795 nec
1686 2768 1791 2794 vana
1813 2751 2020 2809 loquaris,

503 2829 578 2871 sed
600 2829 744 2870 omnia
771 2828 938 2878 devote,
971 2827 1058 2869 sive
1085 2841 1173 2878 ore,
1204 2826 1291 2868 sive
1311 2824 1454 2867 cordis
1482 2823 1779 2876 meditatione,
1803 2821 2021 2880 inspicias,

502 2910 544 2942 et
564 2898 808 2959 specialiter
834 2898 933 2957 plus
967 2897 1163 2940 attendas
1193 2896 1430 2951 devotioni,
1471 2895 1515 2938 in
1545 2906 1707 2938 secreto
1739 2893 1882 2946 misse,
1914 2892 2023 2935 circa

503 3040 675 3082 XXXIII,
701 3042 732 3075 1.

552 3130 588 3155 a.
618 3117 733 3153 Eccli.
757 3116 855 3158 XIX,
875 3118 909 3155 5.
