2444 3750
1228 353 1432 395 ..38-

568 471 860 520 nisti-arent⁷.
901 471 1082 518 Multae
1125 470 1320 536 quidem
1364 471 1474 518 inde
1517 471 1640 531 lites,
1679 473 1925 539 multaque
1965 476 2087 524 mala

569 556 904 605 nascebantur.
935 562 1055 605 Cum
1079 559 1208 605 enim
1235 559 1555 616 vicecomites,
1585 559 1841 608 solvendae
1871 563 2088 626 agricolis

569 646 802 709 pecuniae
829 663 993 693 curam
1029 663 1086 693 ex
1125 645 1283 693 officio
1325 646 1578 706 haberent,
1610 648 1852 712 vectigalia
1886 649 1945 696 ab
1980 651 2092 716 ipsis

569 734 785 798 agricolis
814 734 1062 782 tribuenda
1094 736 1243 799 magis
1263 752 1317 782 ac
1338 736 1486 800 magis
1507 735 1774 800 augebant,
1806 755 1975 801 quare,
2003 740 2092 786 etsi

571 840 663 868 una
693 840 836 869 manu
858 822 1041 888 aliquot
1066 840 1289 870 nummos
1312 824 1480 870 incolis
1507 823 1699 881 dabant,
1732 825 1877 872 altera
1910 834 2088 887 tamen,

572 910 725 958 multo
751 911 929 974 majora
955 911 1014 958 ab
1040 913 1107 959 eis
1127 911 1494 977 extorquebant.

636 1002 758 1046 Cum
780 1000 921 1064 igitur
938 1001 998 1047 ita
1020 1017 1071 1047 se
1092 1017 1168 1047 res
1183 999 1435 1059 haberent,
1456 1000 1719 1048 Edwardus
1737 1005 1777 1060 I,
1797 1003 2029 1050 revocatis
2044 1004 2093 1051 in

571 1088 851 1134 memoriam
871 1096 1238 1153 procuratorum
1261 1089 1471 1153 pristinis
1491 1087 1710 1145 decretis,
1732 1089 1831 1151 jam
1853 1089 2094 1139 oblivione

571 1193 725 1241 paene
763 1177 1025 1236 exstinctis,
1067 1178 1311 1242 praecepit
1350 1185 1401 1224 ut
1435 1194 1496 1223 ne
1523 1176 1638 1241 quid
1671 1177 2008 1225 constabularii
2045 1187 2094 1227 et

572 1264 877 1312 castellorum
900 1265 1156 1330 praesides,
1178 1274 1368 1330 praeter
1387 1266 1580 1330 antiqua
1598 1265 1790 1324 tributa,
1811 1284 1835 1313 a
1850 1284 2095 1332 quoquam

573 1362 820 1418 caperent,
847 1362 944 1412 aut,
976 1355 1013 1400 si
1043 1353 1159 1418 quid
1179 1353 1357 1400 habere
1383 1362 1635 1419 cuperent,
1664 1353 1791 1401 illius
1809 1357 2032 1419 pretium,
2067 1374 2094 1404 a

574 1458 846 1508 possessore
860 1442 1192 1500 constitutum,
1209 1443 1331 1489 intra
1348 1441 1661 1506 quadraginta
1675 1441 1774 1490 dies
1786 1442 2091 1508 penderent¹.

574 1535 703 1578 Haec
729 1539 891 1577 autem
912 1532 1304 1596 procurationum
1333 1530 1549 1589 vulnera,
1574 1531 1763 1595 quibus,
1795 1540 1985 1596 praeter
2008 1550 2095 1597 po-

574 1627 796 1666 testatem
821 1620 1017 1683 regiam,
1041 1619 1222 1666 mederi
1246 1618 1377 1666 nulla
1403 1618 1646 1683 diligentia
1672 1628 1875 1684 poterat,
1911 1620 2097 1668 Edwar-

576 1708 665 1755 dus
688 1709 804 1773 ipse,
827 1707 1104 1772 urgentibus
1121 1707 1234 1755 belli
1255 1706 1631 1766 necessitatibus,
1646 1709 1833 1773 saepius
1847 1709 2092 1756 refricuit².

578 1797 783 1843 Ministri
803 1797 933 1843 enim
953 1797 1086 1861 regii,
1110 1797 1157 1842 in
1178 1796 1346 1842 domos
1372 1804 1473 1843 tum
1495 1797 1809 1860 privatorum,
1834 1805 1934 1844 tum
1955 1798 2096 1844 etiam

579 1894 855 1949 magnatum
871 1894 919 1932 et
932 1885 1276 1950 praelatorum,
1293 1884 1604 1948 burgatorum
1618 1902 1769 1943 more,
1788 1885 2095 1944 invadebant,

578 1983 626 2021 et
643 1974 800 2038 januis
821 1973 1138 2038 fenestrisque
1159 1972 1336 2032 fractis,
1359 1973 1517 2019 omnia
1540 1973 1650 2020 inde
1670 1972 1990 2021 auferebant³.

642 2066 967 2128 Quapropter,
992 2063 1171 2109 multae
1191 2070 1503 2127 expromptae
1524 2070 1636 2108 sunt
1655 2062 1899 2127 querelae,
1918 2080 2098 2128 propo-

578 2154 664 2199 sita
685 2161 797 2199 sunt
812 2151 1040 2210 remedia,
1059 2150 1296 2216 quaedam
1315 2151 1455 2197 etiam
1476 2158 1650 2197 statuta
1670 2151 1826 2208 sunt⁴3
1852 2151 1914 2198 ita
1932 2159 1983 2198 ut
1998 2151 2096 2214 jam

578 2258 675 2288 non
721 2242 967 2306 potuerint
1004 2241 1262 2305 quicquam
1299 2240 1487 2304 exigere
1522 2248 1876 2324 procuratores,
1917 2241 2004 2287 nisi
2038 2239 2098 2286 ad

579 2331 755 2376 victum
777 2328 979 2376 familiae
1008 2329 1149 2392 regis,
1178 2336 1226 2375 et
1251 2345 1305 2374 ea
1327 2327 1448 2392 lege,
1479 2336 1530 2374 ut
1552 2327 1665 2373 nihil
1706 2325 1922 2384 omffino,
1957 2344 2098 2392 prae-

580 2427 654 2466 ter
685 2435 762 2465 res
790 2418 1080 2465 necessarias
1113 2417 1375 2481 exigerent,
1404 2424 1680 2481 certamque
1714 2416 1965 2480 pecuniam
2002 2415 2098 2462 sol-

634 2608 668 2645 l.
701 2611 757 2645 St.
783 2607 803 2643 3
825 2606 934 2644 Edw.
958 2607 988 2650 Ι,
1011 2618 1096 2656 cap.
1118 2606 1154 2644 7.

631 2668 669 2706 2.
701 2668 871 2702 Annales
891 2666 1161 2714 Dunstaplc'ae,
1185 2677 1223 2715 p.
1246 2665 1335 2703 363.
1357 2685 1406 2692 -
1429 2666 1598 2701 Annales
1621 2665 1856 2710 osneienses,
1880 2677 1918 2715 p.
1944 2665 2034 2705 326.

633 2727 670 2764 3.
705 2724 867 2763 Walteri
886 2725 934 2761 de
954 2723 1262 2773 Hemingburgh,
1289 2724 1505 2768 chronicon,
1522 2730 1547 2761 t.
1566 2724 1617 2765 11,
1634 2736 1673 2773 p.
1699 2724 1760 2761 54.
1777 2744 1829 2750 —
1845 2726 2015 2760 Annales
2031 2736 2101 2760 sea:

581 2790 722 2834 Regum
745 2785 910 2833 Angliae
934 2784 1000 2832 qui
1026 2795 1051 2818 a
1071 2781 1271 2819 comitibus
1298 2781 1637 2831 Andegavensc'bus
1665 2783 1852 2831 originem
1880 2790 2096 2829 traxerunt,

579 2857 600 2880 a
623 2842 779 2880 Nicolao
805 2841 948 2888 Trivet,
970 2854 1010 2892 p.
1036 2842 1125 2880 353.
1146 2863 1197 2869 —
1221 2840 1399 2878 Willelmi
1421 2840 1644 2890 Rishanger,
1665 2841 1847 2876 clm-mica
1860 2848 1900 2876 et
1912 2843 2096 2886 Annales,

578 2916 618 2953 p.
649 2903 737 2940 175.
765 2900 934 2939 ...Nimis
954 2899 1084 2937 afflicti
1105 2907 1206 2946 sunt,
1223 2899 1455 2951 perdiversa
1477 2899 1641 2949 tallagia‚
1658 2898 1813 2943 auxilia,
1835 2899 1970 2949 prisas,
1988 2898 2098 2937 vide-

578 2961 666 2998 licet
685 2961 734 2998 de
752 2960 901 3003 braseu,
929 2959 1129 3004 frumento,
1153 2971 1288 3004 avena,
1311 2958 1420 3005 lanis,
1444 2957 1571 3002 coriis,
1594 2957 1731 3005 bobus,
1755 2956 1891 3005 vaccis,
1922 2957 2102 2996 carnibus

578 3019 698 3066 salsis,
748 3018 828 3056 sine
875 3018 1062 3056 solutione
1108 3014 1269 3068 alicujus
1315 3015 1476 3062 denarii,
1522 3017 1571 3055 de
1618 3016 1760 3068 quibus
1804 3029 1843 3054 se
1889 3016 2101 3055 debuerant

578 3085 818 3116 sustentasse.

634 3139 669 3176 4.
704 3142 761 3175 St.
784 3138 834 3176 25
856 3136 962 3173 Edw.
987 3139 1018 3183 I,
1041 3148 1126 3188 cap.
1154 3136 1214 3183 19,
1234 3136 1298 3175 21.
