2444 3750
1255 365 1466 408 ..42-

596 488 645 528 et
671 489 722 528 ut
755 484 995 531 exercitus
1024 485 1298 550 classesque
1337 486 1661 545 instituerent,
1701 498 1947 548 ornarent,
1974 499 2118 558 atque

596 570 906 619 sustinerent.
936 575 1155 633 Quorum
1182 573 1363 636 jurium
1395 591 1507 620 usus
1535 576 1800 639 tripartitus
1827 580 2004 643 exponi
2028 596 2118 645 po-

599 666 716 705 test:
740 668 821 706 aut
840 677 917 707 res
942 662 1193 726 capiendo,
1217 670 1299 709 aut
1320 679 1400 709 eas
1426 663 1598 710 minori
1620 665 1773 728 pretio
1789 666 2012 726 emendo,
2034 676 2118 716 aut

597 762 761 793 earum
791 746 898 795 loco
927 751 1180 814 pecuniam
1215 759 1513 798 numeratam
1540 753 1834 816 accipiendo,
1864 771 2000 819 reges
2019 759 2117 803 An-

597 833 718 899 gliae
744 837 989 901 vectigalia
1007 839 1277 903 percepisse
1304 840 1604 904 potissimum
1631 840 1896 889 videntur¹.

663 924 781 983 Quis
809 934 881 972 est
919 934 1099 986 autem,
1129 928 1212 991 qui
1248 944 1347 974 non
1378 927 1612 992 intelligat
1642 946 1699 976 eo
1726 930 1832 994 plus
1864 931 2119 980 invaluisse

598 1014 991 1077 procurationum
1011 1016 1229 1062 omnium
1256 1017 1526 1063 vexationes
1552 1025 1600 1064 et
1620 1018 1833 1081 injurias,
1862 1036 1959 1084 quo
1981 1019 2119 1068 vehe-

597 1101 804 1148 mentius
830 1102 1020 1166 regibus
1047 1104 1243 1168 Angliae
1274 1104 1401 1152 bella
1432 1104 1532 1153 fere
1557 1107 1784 1154 continua
1805 1124 1915 1154 cum
1935 1108 2118 1157 Galliae

598 1189 789 1255 regibus
815 1191 1173 1240 intercesserint
1188 1193 1201 1215 ²
1220 1195 1239 1240 Ρ

661 1282 881 1344 Insuper,
910 1281 1138 1344 quamdiu
1184 1282 1357 1329 milites
1394 1291 1443 1329 et
1485 1281 1709 1342 barones,
1754 1284 1938 1332 ratione
1964 1286 2119 1348 justae

596 1367 809 1426 militiae,
846 1368 1096 1416 dominum
1128 1387 1286 1429 suum,
1316 1371 1364 1417 in
1390 1370 1591 1430 bellum,
1627 1371 1686 1418 ad
1712 1381 1898 1419 certum
1933 1373 2118 1422 dierum

598 1473 854 1503 numerum
871 1459 1076 1523 propriis
1097 1459 1367 1523 impensis³,
1385 1461 1533 1508 secuti
1553 1469 1708 1519 erant,
1726 1478 1822 1507 non
1844 1459 2039 1509 tantissa
2057 1479 2118 1510 ne

600 1545 1000 1610 praestationibus
1043 1546 1376 1611 affligebantur
1404 1548 1895 1614 opprimebanturque
1927 1550 2116 1610 vassali,

598 1634 832 1698 siquidem
852 1635 1026 1682 milites
1047 1644 1095 1682 et
1113 1635 1338 1695 barones,
1361 1639 1668 1701 quantumvis
1688 1639 1829 1697 avidi,
1848 1656 1945 1686 non
1960 1649 2118 1687 tamen

599 1723 654 1769 iis
689 1722 866 1770 viribus
904 1723 1168 1789 pollebant,
1206 1734 1258 1772 ut
1288 1735 1502 1790 possent,
1537 1725 1596 1772 ad
1638 1727 1947 1791 cupiditatem
1982 1745 2118 1775 suam

600 1810 978 1876 adimplendam,
1006 1812 1265 1859 admodum
1302 1815 1476 1878 pressis
1502 1815 1707 1879 vestigiis
1727 1815 1972 1863 audaciam
1994 1817 2118 1881 regis

598 1901 731 1965 sequi
748 1900 780 1947 ⁴.
822 1904 989 1948 Postea
1031 1918 1163 1960 vero,
1211 1902 1440 1967 paulatim
1482 1903 1681 1950 invaluit
1715 1920 1819 1950 mos
1857 1904 2119 1969 accipiendi

600 1989 866 2054 scutagium
897 2007 907 2036 ε
953 2007 1077 2055 quae
1130 1991 1476 2054 praestationes
1528 2001 1665 2038 erant
1722 2010 1748 2039 a
1807 1991 2033 2040 militibus
2071 2001 2119 2040 et

600 2076 880 2136 baronibus,
905 2079 1090 2126 ratione
1115 2079 1240 2127 feodi
1259 2080 1494 2139 militaris,
1524 2080 1746 2139 tributae,
1775 2089 1828 2128 ut
1848 2089 2010 2128 essent
2029 2082 2119 2128 im-

601 2183 772 2213 munes
798 2184 823 2213 a
843 2167 1027 2225 militia,
1048 2168 1084 2215 si
1106 2168 1311 2232 ipsimet,
1334 2168 1407 2215 vel
1429 2186 1594 2216 eorum
1616 2168 1722 2216 loco
1743 2169 1838 2227 alii,
1862 2170 1909 2216 in
1935 2170 2119 2217 exerci-

599 2263 701 2302 tum
722 2257 846 2320 regis
863 2273 962 2302 non
983 2257 1280 2321 pergerent⁶.
1298 2260 1363 2303 Ac
1386 2265 1639 2322 propterea
1659 2259 1896 2325 regiarum
1913 2259 2120 2322 partium

600 2343 706 2401 fuit,
754 2346 1072 2391 mercenarios
1110 2344 1302 2403 milites,
1351 2345 1618 2403 solidarios,
1661 2355 1712 2393 ut
1754 2328 1959 2403 aiebant,
2002 2363 2120 2392 con-

599 2432 794 2491 ducere,
828 2450 1008 2498 eosque
1033 2435 1165 2480 omni
1190 2443 1418 2499 apparatu
1456 2435 1690 2482 instruere
1716 2443 1861 2499 atque
1888 2434 2114 2481 munire‘.

663 2521 805 2581 Quod
834 2531 884 2569 ut
913 2531 1284 2587 assequerentur
1320 2540 1474 2587 reges,
1508 2540 1604 2570 non
1635 2523 1788 2570 solum
1822 2523 2119 2587 procuratio-

655 2684 691 2719 l.
725 2682 789 2718 W.
812 2680 1092 2731 Cunningham,
1123 2683 1198 2720 The
1217 2679 1421 2733 growtlzof
1431 2682 1591 2732 English
1606 2682 1787 2731 indua-try
1800 2683 1882 2720 aad
1896 2695 2115 2731 commerce,

597 2754 623 2792 p
651 2801 690 2837 2.
721 2799 798 2846 Id„
824 2812 863 2850 p.
886 2800 977 2838 256.

654 2860 690 2896 3.
724 2858 1006 2909 Cunningham,
1029 2872 1091 2910 op.
1114 2861 1199 2906 cit..
1217 2873 1255 2911 p.
1279 2861 1371 2899 256.
1397 2873 1488 2900 ...so
1507 2859 1598 2910 long
1613 2872 1654 2897 as
1671 2859 1735 2898 the
1747 2860 1928 2910 Knights,
1944 2860 2020 2899 had
2040 2873 2060 2898 «
2082 2867 2121 2898 to

598 2918 679 2956 find
699 2917 926 2955 themselves
951 2932 986 2955 n.

651 2979 690 3014 4.
722 2977 1004 3026 Cunningham,
1028 2980 1097 3015 loc.
1118 2980 1183 3016 cit.

657 3039 694 3074 5.
728 3038 791 3075 W.
818 3036 972 3081 Stubbs,
992 3050 1053 3087 op.
1075 3039 1158 3085 cit„
1187 3045 1214 3075 t.
1237 3040 1267 3082 1,
1292 3051 1356 3089 pp.
1383 3040 1472 3083 581,
1497 3039 1586 3076 588.

659 3096 695 3133 6.
730 3094 1011 3145 Cunningham,
1035 3099 1104 3135 loc.
1130 3098 1220 3144 cit.,·
1243 3097 1271 3135 it
1291 3097 1445 3135 became
1467 3097 1530 3135 the
1549 3098 1643 3148 duty
1666 3097 1709 3134 os
1730 3096 1793 3134 the
1824 3096 1928 3147 king,
1952 3103 1991 3133 to
2009 3107 2121 3148 orga-

600 3154 682 3192 nise
700 3166 726 3193 a
741 3156 1039 3194 commissariat.
