2314 3736
1141 314 1378 356 -166—

494 398 609 442 citur
633 398 813 442 Levitici
848 416 961 444 xxv1.
1006 401 1135 445 Unde
1162 402 1497 446 Deuteronomii
1533 419 1596 445 1111
1627 419 1635 446 :
1666 405 1785 447 Scito
1813 421 1916 466 ergo
1942 407 2014 451 ho-

492 470 563 513 die
587 478 629 513 et
654 472 796 529 cogita
822 473 866 513 in
887 472 1016 514 corde
1035 481 1122 526 tuo,
1148 474 1264 533 quod
1282 474 1494 516 Dominus
1520 477 1611 532 ipse
1635 484 1700 517 est
1723 476 1843 519 Deus
1859 480 1903 520 in
1925 478 2015 521 celo

491 556 677 594 sursum,
708 550 750 584 et
774 546 820 584 in
840 551 961 584 terra
995 543 1210 598 deorsum,
1246 554 1287 587 et
1326 560 1413 587 non
1437 547 1495 588 sit
1525 546 1640 588 alius
1669 546 1800 589 Deus.
1838 547 2017 592 Custodi

483 621 694 671 precepta
719 614 814 670 ejus
834 622 963 673 atque
981 615 1207 669 mandata,
1230 625 1276 658 ut
1305 615 1407 658 bene
1428 615 1508 659 tibi
1530 619 1588 658 sit
1613 626 1654 658 et
1667 617 1787 674 filiis
1808 621 1891 661 tuis
1910 629 2017 678 post

493 691 557 736 te,·
577 692 619 725 et
633 699 897 742 permaneas
917 685 1051 728 multo
1072 695 1263 747 tempore
1287 702 1418 744 super
1438 696 1616 740 terram,
1650 703 1781 747 quam
1807 689 2016 734 Dominus

491 754 610 796 Deus
628 753 708 796 tibi
718 754 837 797 dedit
848 753 874 799 Ῑ.
904 755 1188 798 Ecclesiastici
1210 774 1254 799 111
1285 773 1293 799 :
1327 758 1422 815 Que
1452 757 1533 800 tibi
1557 759 1670 800 Deus
1694 763 1903 818 precepit,
1934 761 2016 804 illa

492 827 637 883 cogita
667 830 877 883 sempera.
908 826 1074 869 Ibidem
1101 844 1217 870 xx1x.
1249 829 1368 870 Pone
1389 844 1464 870 cor
1492 838 1611 871 tuum
1637 832 1682 871 in
1693 834 1913 890 preceptis
1935 833 2017 875 Dei

491 904 533 938 et
550 896 752 956 proderit
777 897 854 952 tibi
872 901 1013 956 magis
1033 914 1158 958 quam
1184 915 1340 941 aurum
1353 898 1385 943 ¹¹.
1417 900 1472 942 Et
1498 899 1533 941 si
1560 899 1620 942 sic
1649 900 1816 955 feceris,
1851 902 2014 961 poteris

492 981 641 1009 secure
672 966 735 1009 ire
763 966 817 1009 ad
844 968 1008 1011 bellum
1041 980 1190 1012 contra
1226 970 1372 1012 hostes
1406 981 1519 1014 tuos.
1551 971 1885 1015 Deuteronomii
1920 988 2010 1016 xx:

493 1037 545 1080 Si
561 1041 724 1080 exieris
742 1039 803 1081 ad
825 1038 979 1082 bellum
1022 1050 1172 1083 contra
1201 1041 1343 1084 hostes
1380 1051 1493 1095 tuos,
1533 1052 1574 1084 et
1612 1043 1770 1085 videris
1805 1046 2013 1103 majorem

494 1110 814 1152 multitudinem
853 1114 1068 1153 exercitus
1103 1113 1352 1156 adversarii
1381 1116 1447 1155 tui
1486 1128 1615 1172 quam
1654 1123 1700 1156 tu
1738 1114 1883 1170 habes,
1931 1131 2016 1159 non

499 1180 670 1223 timebis
696 1196 794 1236 eos,·
815 1184 920 1241 quia
946 1183 1153 1225 Dominus
1171 1185 1288 1226 Deus
1299 1193 1397 1226 tuus
1411 1194 1546 1226 tecum
1566 1194 1639 1226 est.
1660 1185 1716 1227 Et
1735 1185 1861 1228 facies
1876 1202 2015 1229 unum

493 1251 759 1310 proclamare
778 1252 832 1294 ad
858 1252 1071 1311 populum
1093 1253 1152 1296 sic
1177 1270 1185 1296 ε
1209 1255 1354 1299 Nolite
1380 1265 1582 1308 metuere,
1607 1256 1741 1298 nolite
1760 1257 1922 1311 cedere,
1937 1273 2015 1300 nec

491 1322 738 1381 formidetis
758 1323 899 1366 hostes
926 1334 1103 1379 vestrm,
1128 1329 1234 1384 quia
1254 1327 1466 1368 Dominus
1493 1327 1607 1369 Deus
1639 1336 1776 1370 vester
1800 1330 1845 1370 in
1875 1329 2014 1371 medio

496 1396 631 1436 vestri
653 1403 731 1448 est,
762 1404 804 1437 et
813 1410 901 1454 pro
929 1396 1042 1439 vobis
1060 1406 1214 1439 contra
1231 1397 1509 1441 adversarios
1535 1407 1696 1441 vestros
1727 1399 1946 1442 dimicabit
1969 1409 2016 1443 ut

493 1474 628 1508 eruat
652 1481 726 1509 vos
746 1466 800 1509 de
819 1467 1018 1524 periculo
1031 1466 1056 1521 ἱ,
1087 1478 1167 1510 etc.

550 1604 634 1651 LI.
670 1606 727 1649 Et
747 1606 854 1649 scias
868 1623 948 1666 pro
973 1618 1107 1661 certo,
1131 1608 1250 1666 quod
1269 1608 1303 1651 si
1330 1608 1547 1651 custodias
1565 1609 1676 1652 bene
1686 1610 1885 1654 mandata
1910 1611 2010 1665 Dei,

493 1675 671 1719 venient
689 1677 744 1720 ad
765 1688 807 1720 te
824 1677 996 1721 infinita
1017 1680 1147 1731 bona,
1171 1679 1225 1722 de
1255 1679 1418 1738 quibus
1451 1679 1612 1723 dicitur
1641 1696 1650 1723 :
1684 1681 2012 1725 Deuteronomii

492 1764 643 1791 xxvn:
679 1749 731 1791 Si
757 1750 976 1792 custodias
1016 1751 1230 1793 mandata
1261 1751 1346 1793 Dei
1381 1754 1445 1793 tui
1465 1750 1617 1808 faciet
1653 1761 1710 1805 te,
1746 1753 1862 1795 Deus
1893 1763 2009 1807 tuus,

496 1819 772 1862 excelsiorem
803 1826 967 1863 cunctis
991 1822 1191 1880 gentibus
1221 1837 1302 1881 que
1332 1831 1562 1864 versantur
1593 1828 1638 1864 in
1668 1832 1804 1877 terra,
1831 1827 2014 1868 venient-

493 1905 573 1950 que
597 1906 730 1949 super
749 1898 790 1934 te
816 1895 1012 1934 universe
1037 1893 1355 1935 benedicciones
1377 1893 1468 1935 hec.
1489 1894 1742 1936 Benedictus
1764 1903 1823 1949 tu,
1848 1900 1892 1937 in
1915 1897 2012 1939 civi-

496 1971 587 2004 tate
612 1971 653 2004 et
673 1962 917 2005 benedictus
950 1969 994 2004 in
1014 1978 1148 2021 agr05
1175 1964 1417 2006 benedictus
1426 1966 1597 2023 fructus
1615 1974 1682 2006 tue
1696 1975 1810 2007 terre
1823 1967 2012 2024 fructus-

493 2035 886 2092 quejumentorum
913 2043 1103 2087 tuorum,
1135 2044 1176 2077 et
1195 2034 1342 2078 caules
1367 2038 1503 2078 ovium
1536 2045 1723 2079 tuarum,
1752 2036 2011 2079 Benedicam

493 2103 655 2146 horrea
685 2113 772 2159 tua,
811 2115 854 2147 et
884 2105 1127 2147 benedictus
1153 2108 1240 2148 eris
1266 2107 1515 2164 ingrediens
1544 2116 1585 2148 et
1614 2107 1853 2165 egrediens.
1886 2108 2015 2151 Dabit

492 2175 567 2217 tibi
592 2176 816 2229 Dominus,
843 2178 1038 2219 inimicos
1055 2186 1162 2230 tuos,
1188 2182 1260 2236 qui
1277 2187 1540 2236 consurgunt
1567 2178 1794 2221 adversum
1824 2187 1879 2231 te,
1915 2194 2011 2221 cor-

492 2255 664 2288 ruentes
684 2250 728 2288 in
755 2256 981 2306 conspectu
1010 2256 1106 2301 tuo;
1128 2263 1211 2305 per
1230 2264 1361 2290 unam
1382 2251 1494 2290 viam
1523 2258 1675 2290 contra
1703 2258 1742 2290 te
1761 2252 1942 2302 venient,
1972 2258 2014 2292 et

483 2332 570 2376 per
593 2327 753 2375 septem
771 2318 944 2376 fugient
967 2335 994 2359 α
1018 2319 1134 2377 facie
1164 2328 1252 2360 tua.
1289 2320 1467 2361 Emittet
1502 2320 1709 2361 Dominus
1755 2320 2012 2362 benedictio-

491 2403 586 2430 nem
605 2404 736 2446 super
755 2389 925 2430 cibaria
953 2398 1027 2431 tua
1045 2399 1086 2431 et
1102 2405 1232 2448 super
1251 2393 1396 2432 omnia
1423 2405 1557 2447 opera
1583 2406 1783 2432 manuum
1821 2400 2006 2433 tuarum.

491 2458 547 2500 Et
567 2457 800 2516 sequitur:
833 2459 1122 2519 Videbuntque
1160 2477 1305 2502 omnes
1336 2470 1556 2502 terrarum
1574 2461 1745 2518 populi,
1784 2462 1900 2520 quod
1933 2477 2011 2504 no-

491 2544 588 2571 men
607 2530 787 2572 Domini
798 2529 1038 2573 invocatum
1067 2537 1124 2572 sit
1147 2547 1277 2590 super
1298 2541 1337 2573 te
1363 2541 1404 2573 et
1422 2531 1625 2574 timebunt
1644 2532 1713 2584 te‚⁸
1738 2532 1959 2575 abundare
1973 2541 2012 2574 te

485 2601 622 2659 faciet
646 2601 842 2643 omnibus
860 2601 993 2655 bonis,
1026 2612 1106 2644 etc.
1145 2602 1287 2654 Unde,
1314 2601 1488 2644 domine
1517 2618 1607 2654 rex,
1648 2601 1755 2644 scire
1780 2602 1911 2645 debes
1943 2618 2011 2646 se-

490 2670 683 2712 cundum
707 2670 916 2729 plurimos
944 2671 1159 2730 sapientes
1181 2682 1224 2714 et
1243 2672 1454 2714 divinitus
1478 2672 1721 2731 loquentes,
1752 2672 1870 2731 quod
1890 2673 2012 2717 decet

492 2740 651 2799 regiam
673 2743 938 2799 majestatem
959 2742 1247 2801 obtemperari
1276 2759 1320 2785 se
1364 2742 1575 2801 legalibus
1596 2742 1831 2797 institutis3
1855 2759 1943 2786 non
1965 2743 2009 2787 in

492 2811 580 2854 ficti
601 2812 874 2871 apparencia,
906 2812 980 2855 sed
1000 2812 1044 2855 in
1081 2813 1180 2855 facti
1217 2813 1452 2865 evidencia‚
1489 2824 1538 2856 ut
1570 2829 1719 2857 omnes
1751 2825 2012 2873 cognoscant

494 3012 672 3052 nedictio,
695 3018 733 3046 et
753 3012 1123 3058 transgredientibus
1139 3013 1365 3047 maledictio.
1387 3032 1434 3039 -——
1453 3025 1483 3047 e.
1508 3013 1627 3047 Levit.
1647 3012 1780 3053 XXVI,
1803 3013 1837 3053 3,
1860 3013 1894 3053 4,
1915 3013 1950 3048 5.
1967 3032 2011 3039 —

491 3059 742 3148 ςὲὶὲοὲιξὲίζῖ
763 3061 820 3101 39,
844 3061 900 3096 40.
921 3080 964 3087 -
984 3073 1020 3107 g.
1041 3060 1156 3095 Eccli.
1179 3060 1247 3100 111,
1265 3062 1321 3095 22.
1338 3080 1382 3087 -
1398 3059 1433 3094 k.
1451 3059 1566 3094 Eccli.
1583 3060 1714 3101 XXIX,
1729 3060 1785 3095 14.
1806 3079 1842 3086 —
1858 3059 1884 3095 i.
1898 3059 2009 3094 Dent.
