2444 3750
989 374 1200 415 ..21-

328 499 377 545 in
404 497 552 545 tutela
587 504 636 543 et
673 512 784 543 cura
812 503 1046 551 materna,
1087 502 1321 559 quantum
1354 494 1442 541 sub
1474 496 1686 543 virorum
1724 497 1855 544 omni

328 587 491 651 generi
543 584 815 632 ambitionis
859 583 1133 630 deditorum
1177 584 1376 648 imperio
1420 583 1709 632 detinuerat.
1754 589 1854 632 Ho-

330 693 436 722 rum
482 675 624 739 igitur
670 674 951 738 laqueorum
1001 671 1383 730 dissolutionem,
1440 690 1585 737 quam
1644 691 1740 720 non
1795 675 1857 722 ita

329 763 516 829 pridem
560 763 813 825 contigisse
856 760 1107 826 significat,
1161 761 1332 825 procul
1368 760 1514 808 dubio
1558 779 1856 810 commemo-

329 860 404 900 rat
433 852 654 917 scriptor.
688 851 945 915 Imprimis,
969 854 1183 914 Rogerus
1216 850 1276 896 de
1303 854 1498 896 Mortuo
1519 852 1658 908 Mari,
1689 860 1738 898 et
1764 855 1856 898 Isa-

330 940 475 998 hella.,
522 938 727 1004 superba
767 955 986 1004 vanaque
1037 938 1227 996 mulier,
1277 940 1475 1003 imperio
1525 948 1573 986 et
1621 949 1858 1004 potestate

332 1046 528 1095 prorsus
548 1029 703 1094 potiti,
727 1027 799 1074 his
825 1028 887 1074 ita
908 1044 995 1092 per
1014 1036 1112 1074 tres
1139 1044 1293 1074 annos
1321 1028 1410 1086 usi,
1441 1036 1523 1074 aut
1544 1029 1703 1093 potius
1723 1028 1859 1075 abusi

332 1118 487 1175 sunt¹‚
540 1126 592 1164 ut
633 1116 857 1163 omnibus
895 1117 1188 1180 quicumque
1225 1115 1407 1163 vellent
1445 1116 1624 1181 aliquid
1661 1118 1759 1181 regi
1797 1117 1868 1164 ad'

335 1206 587 1254 utilitatem
613 1206 748 1270 regni
774 1221 1045 1270 proponere
1074 1203 1364 1251 obstarent2.

398 1294 605 1355 Quando
643 1302 805 1341 autem
839 1294 1046 1358 primum
1085 1292 1251 1340 habuit
1290 1292 1442 1340 filium
1474 1294 1754 1353 Edwardus.,
1793 1296 1858 1341 ni-

336 1385 510 1430 mirum
539 1400 666 1430 anno
705 1385 844 1440 1330,
881 1382 957 1429 die
992 1381 1180 1428 decimo
1219 1383 1389 1446 quinto
1421 1383 1593 1440 Junii³.
1631 1391 1748 1430 tunc
1782 1400 1860 1431 se-

335 1489 446 1519 cum
481 1472 617 1536 quasi
649 1479 859 1518 statuere
888 1471 1017 1517 visus
1043 1479 1116 1517 est
1151 1470 1338 1517 vincula
1378 1472 1538 1517 omnia
1568 1488 1860 1536 omnemque

335 1562 613 1608 servitutem
645 1559 960 1625 disrumpere.
1003 1562 1111 1620 Quo
1150 1560 1198 1606 in
1235 1559 1434 1606 consilio
1476 1559 1791 1624 perficiendo,
1830 1578 1857 1607 a

333 1648 581 1697 Willelmo
601 1648 661 1695 de
683 1653 849 1695 Monte
871 1652 1020 1694 Acuto
1046 1648 1250 1695 maxime
1270 1647 1459 1710 adjutus
1480 1657 1568 1695 est.
1600 1649 1726 1708 Quid
1747 1667 1860 1697 eve-

334 1738 460 1784 nerit
489 1745 630 1784 nocte
662 1737 760 1795 illa,
782 1738 908 1784 inter
939 1736 1066 1783 diem
1088 1737 1291 1783 Veneris
1326 1739 1486 1783 19¹¹met
1512 1737 1640 1783 diem
1668 1737 1861 1784 Sabbati

335 1829 459 1874 20³¹*
482 1825 709 1884 octobris3
748 1824 1011 1890 quomode,
1041 1843 1133 1889 qua
1175 1825 1390 1882 audacia,
1422 1826 1470 1871 in
1506 1825 1704 1872 castello
1731 1826 1859 1891 apud

335 1914 642 1979 Nottingham
669 1923 836 1980 captus
865 1915 923 1960 sit
950 1918 1161 1978 Rogerus
1182 1915 1241 1961 de
1272 1918 1465 1961 Mortuo
1491 1915 1630 1972 Mari,
1662 1932 1758 1961 non
1787 1923 1860 1962 est

336 2004 411 2051 hic
431 2004 564 2050 locus
584 2003 774 2068 plenius
800 2002 1095 2050 enarrandi‘.
1127 2002 1313 2050 Sufficit
1337 2003 1532 2067 quidem
1559 2021 1739 2050 annum
1765 2020 1861 2068 quo

336 2092 454 2140 haec
474 2101 742 2139 evenerunt
767 2093 814 2138 in
842 2092 1053 2138 medium
1081 2092 1353 2156 protulisse⁷
1383 2100 1434 2138 ut
1463 2093 1585 2139 circa
1615 2092 1860 2156 quodnam

338 2190 528 2246 tempus
570 2180 709 2228 scribi
748 2182 958 2246 potuerit
1005 2201 1025 2224 «
1065 2181 1332 2245 Speculum
1379 2200 1421 2238 »‚
1477 2180 1647 2228 melius
1692 2182 1860 2229 saltem

337 2270 581 2317 innuatur.

403 2358 626 2406 Ostendit
663 2359 792 2406 enim
828 2360 1032 2424 scriptor
1063 2358 1181 2405 haec
1215 2358 1335 2405 facta
1364 2359 1630 2406 recentiora
1664 2376 1860 2424 prorsus

394 2514 430 2552 1.
462 2512 535 2550 Th.
558 2512 837 2562 Walsingham,
862 2514 961 2550 Hc'st.
990 2515 1123 2562 Angl„
1152 2521 1179 2551 t.
1206 2515 1235 2558 Ι,
1259 2527 1299 2564 p.
1330 2514 1418 2552 192.
1453 2513 1581 2552 ...Illis
1605 2513 1704 2551 enim
1725 2513 1862 2553 diebus

338 2573 511 2620 Rogerus
533 2572 581 2608 de
603 2574 753 2608 Mortuo
768 2572 878 2613 Mari.
899 2572 1119 2609 thesaurum
1140 2571 1247 2621 regni
1267 2572 1526 2622 congregavit,
1554 2580 1778 2623 potestatem
1799 2586 1862 2611 re-

338 2630 438 2680 giam
460 2629 670 2679 usurpavit,
693 2633 848 2679 Regem,
872 2638 913 2668 ut
932 2631 1150 2675 videbatur,
1174 2631 1484 2681 suppeditavit...

391 2690 429 2726 2.
463 2689 521 2725 ld.
530 2717 538 2734 ‚
562 2689 661 2726 ibid.
685 2691 818 2726 Comes
845 2690 1085 2727 Lancastriae
1107 2690 1308 2734 Henrieus,
1332 2690 1371 2727 in
1392 2690 1636 2729 coronatione
1656 2690 1770 2740 regis,
1794 2703 1863 2741 per

339 2760 539 2797 procerum
559 2760 784 2784 consensum
813 2748 913 2797 regis
946 2756 1073 2786 custos
1107 2749 1314 2798 deputatus
1348 2748 1500 2800 (fuerat)
1508 2779 1586 2788 .....
1610 2752 1665 2786 Re
1687 2749 1735 2786 ita
1756 2750 1861 2799 quod

343 2805 455 2856 (idem
474 2805 614 2858 comes)
635 2806 716 2855 regi
741 2807 984 2857 appropiare,
1008 2807 1218 2850 consulere,
1243 2819 1312 2844 nec
1331 2807 1523 2845 custodire
1548 2808 1725 2847 valens...

395 2867 431 2903 3.
467 2866 673 2901 chronicon
694 2867 876 2914 Angliae,
907 2879 944 2916 p.
968 2868 1006 2904 2.
1024 2889 1075 2894 —-
1099 2866 1171 2905 Th.
1195 2865 1472 2916 NValsingham‚
1503 2868 1716 2916 Ypodc'gma
1738 2870 1861 2904 Νεαπ-

342 2924 455 2970 ενίαε,
482 2937 522 2974 p.
545 2925 620 2962 270
640 2937 649 2972 ;
673 2925 768 2960 Hc'st.
794 2928 926 2973 AngL,
953 2938 991 2975 p.
1023 2925 1112 2963 193.

395 2984 431 3018 4.
466 2985 581 3026 stow,
598 2986 768 3019 Annales
784 2980 830 3030 of
839 2984 1032 3032 England,
1053 2997 1090 3034 p.
1108 2985 1198 3021 230.
1218 3007 1268 3012 —-
1286 2984 1477 3021 walterus
1491 2985 1539 3021 de
1552 2984 1859 3034 Hemingburgh,

346 3041 563 3087 chronicon,
586 3048 618 3079 t.
657 3043 687 3085 Ι,
718 3054 757 3091 p.
792 3043 880 3080 302.
904 3064 956 3069 -—
975 3042 1048 3080 Th.
1084 3042 1358 3091 Walsingham‚
1395 3044 1610 3092 Ypodc'gma
1640 3045 1860 3088 Neustrc'ae,

343 3112 386 3149 p.
408 3100 499 3137 270.
531 3121 582 3127 -—
611 3098 743 3150 Ejusd.
779 3102 876 3138 Hc'st.
913 3103 1045 3150 Angl.,
1070 3108 1098 3138 t.
1123 3103 1152 3143 1,
1177 3114 1216 3152 p.
1242 3103 1332 3138 193.
1355 3124 1407 3129 —
1443 3103 1646 3139 Clzronc'con
1680 3103 1861 3153 Angliae,

343 3157 417 3195 loc.
440 3157 504 3195 cit.
526 3179 578 3185 -
602 3160 663 3195 W.
687 3158 842 3204 stubbs,
859 3161 1020 3208 op.cc't.‚
1045 3166 1073 3197 t.
1102 3161 1151 3207 11,
1172 3173 1210 3212 p.
1238 3161 1326 3200 373.
