2444 3750
1210 343 1422 385 ...30-

552 471 610 515 At
635 484 772 532 reges
811 464 1035 513 arborem
1064 461 1335 521 servabant,
1368 471 1416 510 et
1446 463 1799 512 accuratissime
1829 463 2071 524 colebant,

553 556 732 604 nedum
757 554 860 618 ejus
885 552 1067 600 radices
1088 552 1589 617 securipercuterent.

618 644 983 692 Procurationes
1009 642 1138 689 enim
1157 650 1206 689 et
1230 641 1634 706 praeemptioneS‚
1663 648 1881 706 tempore
1906 657 2074 706 regum

553 737 798 781 Saxonum
831 740 880 779 et
901 734 1150 778 Danorum
1178 729 1464 795 jampridem
1497 729 1777 794 vigebant¹3
1811 731 1970 794 itaque
1995 746 2076 777 eas

551 822 827 872 Willelmus
853 824 1158 885 Conquestor
1188 836 1286 866 non
1308 819 1512 866 instituit
1531 817 1745 883 quidem,
1782 818 1866 866 sed
1892 819 2074 866 instau-

550 912 672 959 ravit
708 919 758 958 et
795 909 1004 957 firmatas
1032 909 1233 974 posteris
1259 907 1499 954 tradidit².
1530 910 1749 967 Quorum
1780 915 1938 955 autem
1976 908 2074 954 sin-

550 1000 773 1065 gulorum
819 998 989 1045 modus
1036 997 1199 1045 utendi
1238 996 1366 1044 hisce
1422 995 1645 1044 omnibus
1686 996 1871 1059 juribus
1920 996 2076 1061 qualis

550 1088 713 1147 fuerit,
747 1088 905 1135 minus
925 1104 1040 1134 sane
1067 1086 1127 1134 ad
1146 1086 1238 1134 hoc
1266 1094 1471 1151 tempus.
1505 1085 1625 1132 Illud
1653 1094 1814 1132 autem
1835 1093 1909 1133 est
1933 1084 2076 1147 hujus

551 1178 794 1225 institutae
842 1176 1111 1241 scriptionis
1144 1192 1198 1222 ac
1243 1175 1489 1240 temporis,
1531 1192 1606 1221 res
1651 1163 1833 1239 aliquas
1884 1175 2076 1237 majoris

553 1267 781 1314 momenti
804 1266 850 1312 in
878 1266 1157 1312 memoriam
1179 1281 1421 1321 revocare,
1451 1281 1548 1328 quo
1568 1262 1758 1328 plenius
1786 1263 2077 1328 intelligatur

552 1354 796 1421 quomodo
816 1353 1040 1419 Anglicus
1060 1353 1268 1419 populus
1285 1354 1431 1416 magis
1445 1370 1499 1399 ac
1515 1353 1663 1417 magis
1683 1345 2075 1416 procurationum

551 1443 880 1492 vexationibus
921 1460 1180 1508 oppressus
1222 1443 1271 1488 in
1314 1459 1549 1489 summam
1586 1441 1962 1506 indignationem
1991 1459 2075 1489 ve-

551 1535 694 1593 nerit,
734 1543 782 1582 et
807 1534 869 1581 ita
898 1532 1086 1579 libellus
1114 1533 1320 1579 Simonis
1357 1530 1469 1597 Islip
1515 1532 1563 1578 in
1603 1531 1800 1578 meliore
1835 1530 1942 1578 luce
1974 1531 2074 1578 col-

549 1623 754 1671 locetur.

605 1805 642 1841 l.
673 1801 774 1840 John
794 1802 930 1853 Speed,
961 1801 1035 1838 The
1059 1801 1205 1847 history
1219 1797 1266 1848 os
1282 1804 1396 1837 Great
1410 1800 1568 1836 ‘Britain
1589 1799 1712 1836 under
1733 1800 1793 1836 the
1813 1809 2012 1850 conquesta·
2034 1798 2082 1849 ⁰f

549 1861 611 1898 tlte
630 1865 802 1908 Romans,
828 1865 993 1903 Saxons,
1018 1864 1159 1905 Danes,
1181 1859 1263 1895 and
1280 1859 1514 1903 Normands‚
1534 1871 1572 1908 p.
1595 1860 1683 1896 381.
1703 1880 1755 1886 —-
1770 1859 2070 1909 Arcleaeologia,

548 1927 575 1957 t.
602 1922 706 1966 vul,
731 1933 770 1971 p.
792 1921 883 1959 333.
907 1942 957 1947 —
977 1922 1017 1957 F.
1045 1918 1205 1969 Philips,
1227 1931 1290 1967 op.
1309 1919 1393 1966 cit„
1420 1929 1488 1968 pp.
1513 1917 1654 1958 46-50.

603 1980 639 2016 2.
672 1979 970 2028 Arclaeaeologc'a,
986 1985 1014 2017 t.
1039 1979 1145 2022 VIII,
1168 1990 1208 2028 p.
1235 1977 1325 2015 334.
