2444 3750
1243 439 1454 481 ...62-

647 561 833 622 Quibus
859 561 918 609 de
945 560 1204 608 sceleribus
1229 577 1340 607 cum
1366 576 1451 608 rex
1486 560 1761 619 Edwardus,
1796 562 1991 610 tandem
2016 563 2104 611 sibi

581 667 872 715 magnopere
897 648 1250 715 providendum
1277 665 1382 696 esse
1408 649 1733 708 existimaret,
1765 652 1945 716 quippe
1972 652 2103 717 quod

579 740 842 804 pertineret
861 739 919 786 ad
947 739 1114 804 optimi
1133 739 1366 803 cujusque
1388 738 1798 802 tranquillitatem,
1822 748 1869 786 et
1894 740 1952 787 ad
1975 742 2103 806 pacis

579 827 797 893 publicae
818 827 1141 886 stabilitatem,
1171 844 1368 892 operam
1393 827 1603 892 aliquam
1629 827 1759 875 dedit
1785 837 1837 875 ut
1866 827 2103 877 manit'esti

578 918 665 974 rei,
695 934 784 982 pro
810 916 987 964 damno
1015 915 1165 975 illato,
1197 915 1393 981 triplum
1429 917 1634 981 pretium
1664 917 1922 976 solverent,
1953 926 2001 965 et
2035 919 2099 964 in-

577 1022 741 1071 super,
783 1006 829 1052 in
861 1022 1104 1053 carcerem
1130 1022 1216 1071 per
1249 1022 1398 1052 unum
1430 1022 1611 1052 annum
1646 1006 2018 1069 conjicerentur,
2045 1023 2102 1055 ac

576 1094 770 1142 tandem
790 1112 848 1142 ex
869 1094 1028 1142 officio
1049 1111 1136 1142 suo
1157 1111 1352 1159 prorsus
1371 1103 1726 1142 amoverentur.

640 1185 853 1232 Perrexit
879 1193 1040 1231 autem
1067 1183 1345 1242 Edwardus,
1369 1192 1512 1248 atque
1534 1184 1776 1231 insecutus
1797 1192 1870 1231 est
1890 1183 2095 1249 longius.

576 1277 635 1321 Et
660 1274 888 1338 quoniam
916 1272 975 1320 de
995 1273 1178 1335 injuriis
1199 1273 1593 1337 procurationum
1616 1272 1817 1320 vitandis
1838 1273 2096 1338 aliquando

574 1362 789 1421 curabat,
826 1380 886 1410 ne
924 1361 1044 1409 illud
1078 1362 1271 1427 quidem
1303 1378 1455 1425 genus
1494 1362 1731 1427 prisarum
1762 1361 1849 1408 sibi
1882 1371 2097 1427 praeter-

575 1451 863 1499 mittendum
895 1468 1000 1499 esse
1038 1452 1240 1516 putavit,
1270 1468 1389 1515 quas
1427 1467 1484 1497 ex
1511 1449 1734 1498 omnibus
1763 1450 1960 1498 navibus
1986 1452 2098 1498 vino

574 1541 778 1598 onustis,
796 1540 1130 1605 antiquojure,
1147 1538 1443 1587 detrahebat.
1466 1539 1714 1604 Praecepit
1726 1556 1839 1604 ergo
1866 1548 1917 1586 ut
1941 1541 2098 1605 regiae

574 1629 746 1677 domus
787 1628 1079 1677 senescallus
1117 1637 1250 1676 certo
1292 1628 1437 1676 modo
1469 1627 1691 1676 definiret
1729 1637 1965 1693 quantum
2004 1630 2099 1676 vini

572 1735 662 1784 pro
710 1735 839 1783 rege,
882 1719 930 1766 in
977 1735 1270 1784 unoquoque
1319 1726 1482 1784 portu,
1525 1726 1859 1783 procuratores
1909 1718 2098 1783 exigere

572 1806 854 1855 deberent¹.

639 1900 762 1945 Cum
781 1905 943 1945 autem
968 1897 1018 1943 in
1043 1897 1176 1943 omni
1201 1913 1378 1961 genere
1404 1896 1647 1955 audaciae,
1668 1895 1821 1943 multo
1848 1912 1990 1961 saepe
2012 1896 2092 1943 im·

571 1985 849 2051 pudentius,
873 1987 922 2033 in
949 1985 1329 2051 possessionibus
1357 1984 1668 2033 ecclesiarum
1695 1993 1745 2032 et
1776 1986 2095 2032 monasterio·

570 2167 694 2215 abate,
718 2167 813 2207 nulli
832 2167 964 2207 arbres
982 2176 1170 2207 cressantz
1188 2175 1300 2207 entur
1319 2167 1415 2207 nulli
1433 2167 1639 2214 mansions,
1661 2181 1768 2207 come
1788 2182 1809 2207 a
1828 2168 1983 2208 derrein
2001 2171 2094 2207 Par-

570 2227 710 2266 lement
730 2228 786 2266 fut
804 2228 975 2273 ordeine‚
999 2227 1097 2273 einz,
1116 2240 1192 2279 que
1211 2227 1245 2266 le
1266 2227 1323 2266 dit
1337 2230 1498 2273 Estatut,
1514 2228 1586 2266 soit
1605 2241 1671 2266 ore
1685 2228 1876 2273 rehercee,
1899 2236 1937 2266 et
1957 2229 2094 2267 ferme·

571 2295 674 2324 ment
685 2294 811 2325 tenuz.
826 2286 944 2334 lbid„
959 2300 998 2338 p.
1015 2288 1107 2326 230.
1123 2309 1172 2316 —
1185 2292 1286 2326 Stat.
1304 2291 1350 2334 V,
1368 2288 1418 2325 25
1432 2288 1538 2325 Edw.
1552 2291 1620 2332 III,
1636 2299 1722 2338 cap.
1738 2289 1775 2334 6,
1791 2301 1830 2338 p.
1844 2289 1935 2339 231.
1948 2287 2095 2325 Auxint

571 2346 711 2384 acorde
727 2354 784 2384 est
803 2354 839 2384 et
858 2355 1024 2392 assentu,
1048 2359 1095 2397 qe
1109 2345 1174 2384 nul
1195 2358 1362 2397 pernour
1373 2347 1421 2383 de
1441 2345 1565 2383 buche
1579 2358 1630 2383 ou
1644 2346 1693 2384 de
1713 2342 1927 2392 maerisme,
1947 2346 1983 2384 al
2002 2359 2095 2397 oeps

570 2411 680 2443 notre
701 2405 858 2457 seignur
876 2405 911 2443 le
936 2405 1010 2443 Roi
1028 2421 1037 2451 3
1074 2417 1145 2456 por
1173 2417 1374 2454 overeyns,
1405 2417 1453 2442 ne
1483 2417 1555 2455 por
1586 2412 1713 2442 autres
1743 2405 1877 2443 choses
1903 2405 2011 2453 faire,
2046 2417 2095 2443 ne

570 2476 709 2515 coupe,
732 2477 779 2502 ne
805 2464 930 2510 abate,
959 2464 1013 2502 les
1036 2464 1167 2502 arbres
1185 2465 1235 2502 de
1254 2463 1374 2513 nully,
1402 2471 1591 2502 cressantz
1616 2471 1765 2510 entour‚
1791 2477 1843 2502 ou
1869 2464 2034 2502 dedeina
2053 2476 2094 2502 sa

571 2523 770 2570 mansion;
793 2531 830 2562 et
848 2523 880 2561 si
901 2523 966 2561 nul
986 2523 1067 2561 face
1083 2535 1132 2562 au
1152 2523 1356 2568 contraire,
1380 2523 1459 2560 face
1475 2535 1541 2572 gre
1555 2536 1577 2560 a
1596 2521 1631 2560 la
1651 2522 1774 2574 partie
1793 2523 1846 2560 du
1866 2524 2027 2573 damage
2041 2536 2091 2561 au

571 2581 707 2629 treble,
737 2589 774 2620 et
797 2582 850 2620 eit
874 2582 909 2620 la
935 2582 1089 2634 prisone
1119 2583 1201 2620 dun
1223 2594 1286 2629 an,
1312 2589 1349 2620 et
1373 2581 1447 2620 soit
1473 2579 1662 2632 fortjugge
1691 2582 1740 2620 de
1766 2594 1833 2619 son
1861 2581 1986 2620 office.
2009 2582 2091 2627 ld„

571 2652 657 2692 cap.
681 2643 743 2691 15,
767 2654 805 2692 p.
834 2642 925 2680 322.

628 2701 663 2737 l.
696 2705 775 2738 [ἰοὶ.
795 2703 921 2746 Parl.,
945 2708 972 2738 t.
990 2702 1041 2747 11,
1059 2701 1201 2752 p.242.
1215 2705 1382 2738 —Stat.
1404 2703 1449 2748 V,
1468 2700 1519 2738 25
1533 2700 1642 2738 Edw.
1658 2703 1728 2745 III,
1748 2713 1834 2751 cap.
1855 2701 1921 2747 21,
1936 2713 1974 2751 p.
1994 2700 2090 2739 323:

572 2759 644 2796 Les
663 2758 838 2797 Botillers
856 2766 965 2797 notre
984 2759 1139 2810 seignur
1155 2759 1189 2798 le
1202 2758 1287 2806 Roi,
1305 2767 1342 2797 et
1361 2758 1465 2796 lours
1476 2759 1652 2809 deputez‚
1674 2758 1833 2796 soleient
1851 2758 2031 2810 prendre,
2054 2765 2094 2796 et

571 2825 733 2868 prenent
763 2818 812 2856 de
837 2816 930 2868 jour
956 2830 1003 2856 en
1034 2826 1156 2863 autre,
1193 2818 1314 2855 moult
1344 2817 1430 2868 plus
1448 2818 1516 2855 des
1537 2829 1648 2866 vyns,
1675 2830 1745 2868 par
1766 2816 1899 2855 colour
1928 2817 1977 2855 de
2008 2816 2094 2854 lour

571 2876 694 2923 office,
715 2876 751 2914 al
769 2889 861 2927 oeps
881 2885 1008 2915 nostre
1027 2877 1182 2927 seignur
1198 2876 1233 2915 le
1247 2876 1333 2922 Roi,
1355 2875 1409 2927 qil
1431 2889 1477 2914 ne
1497 2875 1767 2926 besoigneroit,
1792 2876 1860 2913 des
1888 2888 2019 2926 queux
2038 2875 2093 2914 les

571 2934 658 2987 plus
674 2935 819 2981 feibles,
842 2935 887 2974 ils
905 2935 1095 2974 delivrent
1114 2935 1150 2973 al
1166 2948 1259 2986 oeps
1276 2943 1402 2973 nostre
1421 2934 1576 2984 seignur
1595 2934 1630 2972 le
1654 2935 1741 2979 Roi,
1765 2942 1803 2972 et
1822 2934 1875 2972 les
1898 2934 2093 2972 meillours

570 3007 620 3032 en
639 3002 749 3043 grant
768 2994 942 3042 nombre,
961 2994 1004 3033 ils
1014 2995 1226 3044 retiegnent
1244 2995 1381 3032 devers
1394 3006 1485 3038 eux,
1498 3008 1521 3031 a
1535 2994 1693 3040 vendre,
1710 2992 1782 3031 eta
1806 2993 1898 3032 faire
1915 3000 1991 3039 ent,
2008 2992 2095 3031 lour

571 3054 756 3105 prolitz...
779 3054 810 3092 si
829 3062 885 3092 est
906 3055 1046 3092 acorde
1065 3062 1102 3092 et
1121 3053 1271 3098 establi,
1293 3066 1341 3104 qe
1361 3053 1395 3091 le
1420 3052 1613 3091 seneschal
1634 3052 1697 3090 del
1718 3051 1863 3090 Hostiel
1886 3052 1920 3090 le
1944 3052 2033 3100 Roi,
2056 3059 2093 3090 et

571 3112 606 3150 le
622 3115 653 3149 T
657 3125 803 3150 resorer
821 3113 870 3150 de
889 3112 924 3150 la
944 3113 1181 3158 Garderobe,
1201 3113 1381 3150 mandent
1400 3125 1441 3150 as
1462 3119 1551 3149 touz
1571 3111 1624 3149 les
1644 3119 1752 3162 portz
1772 3110 2034 3161 Dengleterre‚
2056 3110 2093 3148 la

571 3184 623 3208 ou
642 3184 739 3221 vyns
757 3179 842 3210 sont
854 3184 877 3209 a
896 3172 1075 3223 prendre,
1097 3172 1131 3209 al
1151 3184 1244 3223 oeps
1256 3171 1291 3210 le
1305 3171 1390 3216 Roi,
1415 3171 1449 3210 le
1466 3170 1609 3209 certein
1627 3170 1800 3216 nombre,
1820 3183 1867 3221 qe
1885 3170 1920 3209 le
1938 3169 2094 3208 Botiller

574 3231 756 3284 prendi-a,
775 3243 823 3269 en
842 3231 1007 3270 chescun
1023 3238 1124 3282 port.
1145 3252 1198 3261 —
1218 3236 1319 3269 Stat.
1342 3231 1391 3269 43
1413 3230 1522 3269 Edw.
1544 3234 1616 3278 ΙΙΙ,
1638 3242 1723 3281 cap.
1745 3232 1781 3277 3,
1805 3242 1845 3282 p.
1867 3230 1957 3269 392.
