2314 3736
1102 276 1342 318 -102—

458 366 748 410 innocenter&
774 365 916 407 Debet
930 364 1107 423 quidem
1134 380 1206 407 rex
1226 380 1371 423 regere
1393 363 1606 423 populum
1622 363 1854 422 sapienter,
1879 365 1975 406 Ecc.

457 453 482 479 x
503 453 511 479 :
541 437 686 479 Iudex
711 439 889 494 sapiens
905 436 1121 494 judicabit
1138 436 1350 494 populum
1373 451 1511 477 suum.
1538 434 1592 476 Et
1613 433 1772 476 dicitur
1797 433 1976 484 ibidem,

458 507 578 566 quod
599 522 679 549 rex
700 509 907 565 insipiens
929 507 1088 564 peribit
1103 523 1189 565 per
1205 506 1420 564 populum
1447 521 1587 549 suum.
1620 505 1662 547 2⁰
1683 504 1811 546 debet
1837 519 1982 563 regere

459 577 774 637 rempublicam
804 576 986 628 utiliter,
1015 592 1146 635 quam
1180 581 1316 631 tu[n]c
1344 575 1510 618 utiliter
1547 574 1654 633 regit
1689 574 1865 633 quando
1893 590 1980 617 non

459 648 680 708 propriam
703 658 766 690 set
804 663 1082 690 communem
1116 647 1349 690 utilitatem
1385 646 1585 689 attendit.
1622 645 1798 704 Legitur
1824 645 1877 687 de
1899 647 1982 688 Ro-

461 718 600 761 manis
627 718 745 777 quod
765 732 864 760 cum
887 718 1140 776 pugnabant
1168 734 1246 776 pro
1266 717 1400 776 gloria
1414 716 1683 775 adquirenda
1699 727 1742 759 et
1756 732 1835 775 pro
1856 715 1983 758 liber·

460 800 547 832 tate
566 788 835 848 assequenda
861 800 901 831 et
923 805 1002 848 pro
1023 788 1244 847 republica
1272 788 1564 831 conservanda
1588 799 1693 830 tunc
1719 803 1887 846 semper
1905 786 1983 829 ad-

459 859 669 903 versarios
698 859 943 902 vincebant.
974 859 1059 903 Sed
1096 859 1272 918 quando
1298 859 1353 901 ad
1385 859 1581 918 rapinam
1609 869 1652 901 et
1676 857 1906 900 avariciam
1940 873 1985 900 se

460 941 785 982 converterunt,
817 946 987 989 semper
1007 941 1111 972 tunc
1132 929 1231 972 victi
1254 929 1447 972 fuerunt.
1475 931 1518 971 3⁰
1537 929 1667 971 debet
1693 945 1764 970 rex
1793 928 1983 987 seipsum

460 1018 606 1061 regere
633 1001 902 1054 innocenter,
934 1012 997 1054 ut,
1028 1000 1203 1052 scilicet,
1228 1002 1284 1043 sit
1314 999 1524 1043 immunis
1557 1000 1611 1042 ab
1638 999 1723 1042 illis
1749 998 1869 1041 viciis
1899 1014 1985 1058 que

462 1073 506 1116 in
531 1072 627 1115 aliis
648 1072 943 1131 reprehendit,
981 1088 1033 1114 ne
1060 1071 1142 1114 sibi
1181 1071 1350 1114 dicatur
1386 1071 1495 1113 illud
1530 1073 1713 1113 Roman.
1739 1070 1767 1128 ij
1793 1086 1801 1112 :
1833 1071 1883 1112 In
1903 1085 1985 1129 quo

462 1147 573 1187 enim
591 1145 774 1202 judicas
795 1144 979 1185 alterum
1012 1146 1192 1201 teipsum
1224 1143 1512 1201 condempnas
1524 1140 1555 1185 k.
1584 1141 1708 1183 Unde
1727 1140 1849 1184 Ysid.
1874 1140 1987 1183 libro

463 1214 530 1273 iij⁰
557 1214 610 1257 de
636 1230 809 1256 summo
831 1213 985 1266 bono‘,
1019 1213 1124 1256 dicit
1150 1213 1270 1272 quod
1300 1229 1374 1255 rex
1400 1223 1578 1255 vocatur
1609 1228 1631 1254 a
1659 1223 1773 1254 recte
1798 1211 1982 1270 agendo,

464 1283 672 1344 ideoque³
691 1296 806 1327 recte
827 1284 1039 1335 faciendo,
1065 1284 1176 1343 regis
1198 1300 1354 1327 nomen
1384 1294 1570 1336 tenetur,
1608 1283 1824 1342 peccando
1855 1282 1984 1325 etiam

404 1392 408 1394 .
464 1355 696 1399 amittitur.
729 1357 860 1398 Recte
898 1371 999 1415 ergo
1026 1355 1090 1397 illi
1122 1371 1243 1414 reges
1276 1365 1485 1397 vocantur
1512 1354 1586 1413 qui
1615 1365 1702 1396 tam
1731 1353 1986 1413 semetipsos

464 1443 596 1486 quam
624 1426 706 1469 sibi
727 1428 945 1485 subjectos
972 1428 1083 1469 bene
1110 1426 1297 1485 regendo
1325 1425 1572 1468 modificare
1591 1436 1823 1469 noverunt.

528 1556 610 1602 17.
647 1557 686 1599 Ο
707 1555 900 1607 domine,
920 1555 978 1598 mi
995 1571 1084 1606 rex,
1107 1554 1218 1597 sicut
1238 1553 1301 1596 illi
1323 1554 1377 1596 de
1396 1553 1556 1596 familia
1575 1564 1647 1596 tua
1665 1552 1828 1595 faciunt
1851 1552 1987 1595 multa

467 1627 578 1670 mala
599 1626 660 1669 sic
677 1626 808 1669 modo
828 1626 882 1668 de
903 1625 1052 1679 novo',
1071 1625 1134 1667 illi
1155 1625 1231 1684 qui
1254 1636 1356 1668 sunt
1377 1625 1430 1667 de
1446 1624 1606 1666 familia
1628 1623 1706 1666 filii
1729 1623 1808 1676 tui,
1826 1623 1870 1666 in
1893 1639 1985 1682 par·

466 1698 585 1740 tibus
613 1697 886 1755 Wyndesore
922 1696 1086 1739 faciunt
1114 1695 1373 1746 consimilia,
1409 1706 1451 1737 et
1476 1695 1709 1737 destruunt
1736 1710 1914 1753 pascuas
1946 1705 1989 1736 et

466 1779 679 1827 pasturas,
709 1783 808 1810 cum
837 1767 1064 1826 pecoribus
1091 1766 1180 1809 suis
1198 1777 1240 1808 et
1266 1766 1400 1808 nichil
1431 1766 1620 1818 solvunt,
1647 1777 1689 1807 et
1710 1765 1847 1808 multa
1877 1765 1988 1807 mala

466 1838 664 1882 inferunt
684 1838 768 1881 hiis
788 1838 959 1881 diebus.
984 1837 1222 1896 Expellunt
1247 1836 1377 1879 etiam
1401 1852 1551 1895 equos,
1581 1852 1696 1886 oves,
1721 1847 1764 1878 et
1789 1837 1919 1878 boves
1947 1845 1990 1878 et

513 1979 585 2016 17.
613 1999 659 2006 -
678 1978 778 2025 ¹(sic
810 1979 921 2012 modo
964 1978 1009 2012 de
1036 1990 1134 2012 novo
1158 1997 1199 2004 —
1233 1977 1407 2012 auferunt
1444 1977 1555 2011 etiam
1582 1989 1603 2011 a
1634 1976 1777 2022 viduis)
1806 1987 1878 2011 om.
1912 1975 1987 2017 cl..

464 2084 662 2126 Alcuinus,
692 2085 814 2132 Epist.
843 2084 906 2124 XI,
929 2086 972 2118 P.
996 2086 1051 2124 L,
1071 2089 1098 2117 t.
1121 2083 1164 2124 C,
1189 2096 1224 2129 p.
1249 2085 1329 2119 157.
1353 2084 1447 2130 —j.
1471 2083 1508 2117 S.
1531 2082 1782 2128 Augustinus,
1805 2084 1848 2116 In
1876 2093 1989 2117 enar-

464 2133 610 2167 ratione
631 2132 678 2166 ad
702 2144 760 2177 ps.
783 2132 933 2166 XLIV:
964 2144 983 2164 (t
1005 2111 1089 2172 Qiio
1112 2132 1222 2164 modo
1244 2131 1421 2165 sacerdos
1443 2143 1463 2164 a
1485 2130 1769 2169 sanctificando,
1792 2130 1842 2163 ita
1863 2135 1900 2163 et
1925 2140 1991 2164 rex

465 2180 675 2225 aregendo
698 2191 732 2218 >›,
755 2180 799 2213 P
828 2180 882 2219 L.
906 2184 931 2212 t.
956 2178 1123 2218 XXXVI,
1179 2179 1301 2218 .;504
1336 2179 1390 2212 De
1411 2176 1612 2211 duodecim
1631 2176 1882 2211 abusionibus
1900 2187 1990 2211 sae—

463 2225 540 2261 culi
569 2226 625 2272 (in
654 2225 848 2271 operibus,
881 2225 917 2259 S.
950 2191 1171 2271 Cypriani)p
1186 2226 1229 2258 P.
1252 2226 1309 2266 L.
1338 2230 1364 2258 t.
1390 2225 1454 2264 IV,
1479 2237 1514 2269 p.
1544 2226 1637 2268 8783
1666 2243 1704 2249 —
1749 2223 1786 2257 S.
1818 2224 1990 2257 Isidorus

466 2273 723 2318 Hispalensis,
747 2271 904 2318 Etymol.
934 2272 997 2311 IX,
1024 2284 1105 2317 cap.
1136 2273 1169 2312 3,
1198 2273 1241 2305 P.
1271 2274 1326 2310 L.
1350 2276 1377 2304 t.
1403 2251 1586 2310 LXXXII,
1611 2283 1647 2315 p.
1676 2272 1769 2310 341;
1801 2290 1846 2296 —-
1873 2270 1990 2304 Hinc-

465 2332 606 2360 maruS,
628 2321 679 2353 De
701 2318 859 2354 divortio
882 2319 1053 2354 Lotharii
1079 2319 1264 2366 quaestio,
1290 2320 1331 2352 P
1363 2320 1420 2358 L.,
1450 2324 1476 2351 t.
1506 2298 1652 2356 CXXV,
1683 2331 1746 2364 pp.
1779 2319 1858 2357 757,
1896 2318 1990 2357 7593

466 2387 510 2393 -
541 2367 658 2400 Jonas
687 2366 989 2406 Aurelianensis,
1021 2367 1064 2400 P.
1094 2367 1150 2404 L.,
1182 2372 1209 2399 t.
1246 2365 1342 2405 CVI,
1378 2377 1414 2410 p.
1450 2366 1536 2404 287;
1566 2384 1610 2390 —
1635 2365 1831 2405 Alcuinus,
1858 2365 1903 2398 P.
1934 2365 1989 2405 L.,

465 2419 492 2448 t.
510 2413 553 2454 C,
574 2426 610 2459 p.
635 2414 721 2453 159;
742 2413 999 2447 —Johannes
1019 2412 1336 2450 Saresberiensis,
1354 2411 1627 2458 Polym-alicus,
1646 2412 1689 2445 L.
1706 2412 1810 2451 VIII,
1827 2423 1908 2457 cap.
1931 2412 1989 2451 17,-

466 2480 510 2487 —-
532 2441 776 2506 Smaragdus,
798 2462 842 2494 P.
865 2462 920 2500 L.
945 2465 971 2493 t.
996 2459 1077 2500 CII,
1098 2472 1135 2505 p.
1157 2460 1239 2498 943;
1263 2451 1515 2498 —Sedulius,
1534 2460 1577 2492 P.
1598 2461 1654 2499 L,
1669 2465 1695 2492 t.
1716 2459 1818 2498 CIII,
1871 2459 1988 2498 .296;

466 2527 510 2533 ——
531 2508 754 2541 Vincentius
776 2506 1072 2546 Bellovacensis,
1091 2508 1146 2540 De
1165 2505 1333 2540 moribus
1374 2505 1574 2552 rincipum,
1595 2517 1663 2551 cap
1670 2506 1768 2546 .;XI
1793 2471 1992 2553 Speculum

465 2553 694 2594 Doctrinale,
735 2566 817 2599 cap.
855 2554 967 2592 VIII,
1009 2573 1047 2579 —-
1087 2518 1489 2597 Bracton,11(,1x,§
1525 2553 1745 2597 3(Twiss.,
1779 2565 1816 2598 p.
1851 2551 1989 2597 1076)·

469 2614 487 2635 «
510 2601 658 2635 Dicitur
678 2602 777 2635 euim
796 2613 860 2635 rex
879 2613 897 2634 a
919 2600 1015 2634 bene
1036 2601 1217 2646 regendo,
1238 2605 1276 2633 et
1290 2613 1364 2633 non
1381 2612 1399 2633 a
1419 2580 1627 2645 regnaudo,
1651 2600 1736 2645 quia
1753 2611 1817 2633 rex
1831 2605 1889 2633 est
1903 2600 1990 2633 dum

468 2647 565 2682 bene
604 2648 716 2694 regit,
742 2653 927 2694 tyrannus
958 2649 1044 2680 dum
1078 2648 1261 2693 populum
1295 2646 1368 2681 sibi
1399 2647 1583 2681 creditum
1615 2647 1779 2681 violenta
1812 2646 1993 2692 opprimit

468 2695 726 2729 dominatione
748 2708 787 2734 »;
813 2715 855 2720 —
877 2694 1075 2739 Aegidius,
1099 2696 1153 2728 De
1175 2706 1251 2739 reg.
1270 2694 1406 2741 princ.
1432 2693 1497 2733 lib,
1521 2694 1569 2734 II,
1593 2706 1674 2739 cap.
1698 2695 1731 2728 7.
1761 2706 1780 2727 α
1802 2693 1870 2727 Est
1890 2693 1992 2739 regis

470 2743 633 2776 officium
654 2747 694 2775 ut
719 2754 823 2776 suam
845 2748 994 2787 gentem
1012 2747 1119 2785 regat
1140 2747 1177 2774 et
1197 2742 1336 2786 dirigat
1356 2742 1393 2775 iu
1413 2720 1580 2774 debitum
1602 2741 1726 2781 finem,
1749 2740 1878 2787 quod
1868 2752 1992 2786 ipsum

469 2801 605 2823 nomen
639 2789 820 2823 ostendit.
855 2789 999 2822 Nomen
1034 2788 1132 2821 enim
1168 2799 1296 2833 regum
1331 2801 1349 2821 a
1384 2788 1550 2833 regendo
1579 2794 1768 2833 sumptum
1802 2793 1919 2827 est»,
1948 2807 1992 2813 —

469 2836 627 2882 Wright
646 2834 828 2871 Political
848 2837 980 2881 Songs,
1002 2834 1109 2869 Rolls
1130 2835 1263 2874 Series,
1288 2834 1382 2874 t.11,
1407 2847 1443 2880 p.
1467 2836 1559 2869 231:

697 2905 725 2936 Ο
746 2916 810 2942 rex,
829 2909 855 2936 si
870 2916 924 2936 rex
940 2916 983 2941 es,
1000 2915 1072 2947 rege
1088 2909 1129 2940 te,
1144 2904 1193 2935 vel
1212 2908 1273 2935 eris
1292 2908 1359 2935 sine
1377 2915 1411 2935 re
1427 2915 1492 2941 rex,

697 2946 817 2978 Nomen
833 2946 927 2978 habes
943 2950 1009 2977 sine
1023 2957 1066 2984 re,
1089 2949 1151 2977 nisi
1165 2950 1195 2977 te
1214 2950 1296 2977 recte
1311 2956 1409 2988 regas.

464 3012 498 3058 j.
522 3010 638 3046 Eccli.
667 3011 712 3051 X,
740 3013 772 3052 1,
802 3013 836 3046 3.
866 3011 967 3045 -k.
997 3011 1103 3045 Rom.
1132 3011 1181 3051 11,
1209 3013 1242 3045 1.
1266 3010 1364 3045 -Ι,
1392 3010 1429 3045 S.
1460 3010 1601 3045 Isidori
1637 3009 1879 3058 Hispalensis
1907 3011 1994 3046 Sen-

471 3058 686 3100 sentiarum,
711 3058 796 3095 Lib.
819 3058 888 3100 111,
912 3070 992 3106 cap.
1015 3058 1186 3098 XLVIII,
1209 3070 1246 3106 p.
1270 3059 1350 3093 719.
