2314 3736
1066 276 1304 317 —108-

423 360 507 403 nisi
540 375 654 403 unus
686 371 873 415 tantum,
909 363 1086 418 scilicet,
1126 365 1254 418 Loth,
1291 376 1333 407 et
1365 364 1682 424 ideo¹oportet
1708 369 1945 412 necessario

422 430 542 490 quod
577 430 702 474 aliter
738 431 792 473 de
822 443 894 475 tua
923 433 1082 477 familia
1116 436 1345 479 ordinetur
1379 436 1575 494 alioquin
1603 437 1847 480 timendum
1882 450 1949 482 est

422 502 475 543 de
496 512 537 544 te
563 513 604 544 et
631 501 685 544 de
711 503 836 546 ruina
866 505 984 547 curie
1011 516 1100 559 tue,
1132 517 1232 558 etc.,
1264 517 1312 549 ut
1343 507 1504 549 dicitur
1529 507 1571 549 in
1602 507 1806 566 predictis
1835 510 1946 568 capi-

422 572 526 615 tulis
561 572 671 615 Gen.
706 574 808 632 xviij
839 585 882 616 et
904 576 990 618 xix.
1023 578 1061 618 O
1089 577 1267 620 domine
1301 579 1361 621 mi
1393 594 1483 631 rex,
1527 589 1590 620 tot
1621 579 1948 623 commissiones

423 643 576 694 facere,
602 644 735 686 nichil
756 644 875 687 aliud
903 658 966 689 est
992 663 1122 705 quam
1143 649 1258 691 fures
1285 661 1326 692 et
1348 649 1536 691 latrones
1553 660 1626 691 tue
1651 650 1769 692 curie
1789 651 1834 692 in
1856 651 1946 694 suis

423 714 645 757 erroribus
685 716 915 769 sustinere,
962 718 1113 761 viduas
1153 731 1195 762 et
1239 736 1467 779 pauperes,
1500 720 1690 779 hospicia
1729 731 1942 774 tenentes,

423 785 685 844 opprimere,
720 797 768 829 ut
794 788 993 846 superius
1027 801 1092 832 est
1124 791 1402 848 premissum.
1435 792 1547 835 Cum
1584 802 1726 834 tamen
1763 791 1816 834 ad
1850 791 1946 834 offi-

422 856 538 898 cium
578 857 689 915 regis
728 858 957 916 pertineat,
993 860 1107 903 furta
1146 862 1365 912 cohibere,
1417 862 1553 904 malos
1593 862 1854 921 opprimere,
1904 874 1948 906 et

424 927 563 969 bonos
589 927 828 980 sublevare,
860 941 909 972 ut
934 931 994 973 sic
1018 931 1117 974 mali
1138 932 1451 976 coherceantur
1477 943 1519 975 et
1545 934 1650 975 boni
1680 933 1793 976 inter
1810 933 1947 976 malos

421 998 568 1055 quiete
588 999 733 1042 vivant
759 1000 861 1059 xxiij
885 1017 928 1059 q.
958 1018 996 1044 v.
1020 1018 1104 1045 non
1120 1004 1297 1062 frustra
1317 1015 1359 1046 et
1384 1020 1420 1047 c.
1453 1021 1602 1063 regum
1619 1010 1652 1049 ⁰.

481 1145 565 1191 27.
601 1146 669 1189 Ad
707 1146 787 1189 hoc
817 1147 1080 1200 faciendum,
1112 1147 1279 1190 facilem
1311 1148 1422 1191 viam
1452 1148 1532 1190 tibi
1563 1148 1701 1200 trado,
1737 1148 1829 1190 sine
1862 1163 1946 1207 qua

421 1233 510 1260 non
537 1233 580 1259 es
602 1217 647 1259 iu
669 1233 853 1260 numero
873 1218 1180 1261 salvandorum
1203 1236 1212 1272 ;
1239 1230 1287 1261 ut
1312 1220 1405 1261 sine
1427 1234 1561 1270 mora,
1595 1219 1722 1261 facias
1752 1219 1884 1261 statui
1905 1229 1948 1260 et

423 1288 552 1330 etiam
575 1288 848 1347 proclamari,
881 1300 929 1331 ut
954 1289 1101 1332 nullus
1122 1290 1176 1332 de
1205 1290 1365 1332 familia
1387 1301 1476 1341 tua,
1502 1306 1580 1332 nee
1608 1290 1719 1332 alius
1748 1290 1946 1348 quicum·

422 1375 522 1418 que,
547 1359 712 1418 aliquid
734 1360 873 1418 capiat
896 1360 950 1402 de
977 1361 1103 1403 bonis
1131 1361 1312 1419 alicujus
1332 1373 1480 1404 contra
1508 1377 1629 1403 suam
1657 1361 1941 1418 voluntatem.

423 1431 555 1484 Quod
589 1431 623 1473 si
656 1431 818 1482 feeerit,
851 1432 1156 1490 suspendatur.
1189 1433 1302 1486 Quia
1335 1433 1490 1474 melius
1519 1443 1597 1482 est,
1630 1443 1678 1474 ut
1710 1433 1824 1490 quis,
1858 1431 1942 1482 hic,

423 1518 501 1560 pro
521 1502 679 1544 delicto
699 1502 1004 1561 suspendatur,
1036 1519 1166 1561 quam
1189 1504 1306 1562 quod
1328 1504 1371 1545 in
1402 1503 1622 1545 infernum
1649 1503 1943 1561 demergatur.

424 1573 539 1627 Quia
561 1589 645 1615 non
666 1573 834 1631 judicat
854 1574 971 1616 Deus
990 1574 1115 1616 bisin
1135 1574 1178 1616 id
1201 1574 1345 1633 ipsum
1367 1575 1441 1632 xiij
1467 1590 1508 1632 g.
1535 1574 1690 1616 ultimo
1708 1573 1943 1632 capitulo⁰,

422 1644 513 1702 xiiij
543 1660 584 1703 g.
615 1646 673 1702 vj.
698 1648 738 1687 si
763 1660 832 1686 res
860 1645 1023 1687 aliena.
1062 1646 1115 1687 Et
1137 1661 1226 1688 non
1246 1645 1484 1687 dimittitur
1506 1656 1728 1703 peccatum
1750 1645 1833 1687 nisi
1860 1660 1944 1687 res-

423 1715 608 1757 tituatur
633 1715 827 1757 ablatum
855 1726 897 1757 et
917 1726 981 1757 est
1002 1732 1139 1758 unum
1168 1716 1221 1758 de
1243 1716 1455 1774 preceptis
1483 1715 1580 1768 Dei,
1606 1716 1713 1758 Exo.
1738 1731 1820 1757 xx:
1845 1715 1946 1759 Non

422 1786 684 1828 desiderabis
706 1786 849 1830 bovem
873 1788 940 1830 vel
957 1790 1128 1828 asinum
1145 1790 1343 1845 proximi
1362 1790 1426 1829 tui
1453 1797 1608 1829 eontra
1634 1789 1727 1845 ejus
1756 1787 1945 1829 volunta-

423 1867 506 1900 tem
532 1872 609 1899 nec
635 1867 782 1899 cetera
804 1858 914 1899 bona
934 1873 1015 1916 que
1047 1856 1190 1900 illius-¹
1219 1856 1356 1902 suntb.
1388 1858 1443 1899 Et
1468 1857 1629 1899 dicitur
1654 1874 1681 1899 x
1715 1856 1756 1898 d'
1784 1857 1947 1914 capitu-

423 1927 475 1969 lis
501 1927 578 1970 iet
598 1927 654 1986 ij⁶
677 1944 685 1970 :
721 1928 852 1981 Quod
886 1927 952 1970 lex
980 1928 1291 1986 imperatorum
1320 1944 1407 1970 non
1431 1939 1494 1970 est
1523 1943 1653 1986 super
1679 1927 1816 1986 legem
1845 1926 1944 1978 Dei,

423 1998 497 2040 sed
524 1999 694 2050 subtus,
726 2010 768 2040 et
800 2015 887 2040 non
915 1999 1015 2041 licet
1040 1999 1309 2057 imperatori,
1344 2014 1422 2041 nec
1455 1999 1659 2057 cuiquam
1695 1997 1836 2051 alteri,
1868 1997 1948 2039 ali-

423 2069 531 2127 quid
550 2085 800 2128 presumere
825 2080 972 2111 contra
995 2069 1078 2111 Dei
1099 2069 1315 2111 mandata.

483 2210 567 2257 28.
604 2213 728 2262 Item,
753 2210 913 2253 dicitur
940 2211 1048 2253 Exo.
1072 2212 1159 2269 xxij
1181 2228 1188 2253 ε
1215 2212 1264 2253 Si
1289 2214 1385 2270 qais
1416 2211 1560 2252 leserit
1587 2225 1757 2267 agrum,
1793 2210 1859 2252 vel
1888 2212 1948 2253 νὶ-

424 2299 549 2324 neam
578 2283 645 2326 vel
670 2283 886 2324 dimiserit
907 2285 1156 2340 jumentum
1179 2297 1322 2334 suum,
1356 2291 1402 2323 at
1430 2282 1710 2340 depascatur,
1744 2280 1952 2339 quicquid

425 2353 623 2396 habuerit
648 2356 855 2411 optimum
878 2356 922 2395 in
948 2368 1055 2411 agro
1081 2368 1171 2405 su0‚
1204 2352 1269 2395 vel
1293 2355 1430 2404 vinea,
1453 2367 1537 2410 pro
1565 2353 1741 2412 dampni
1773 2356 1946 2394 estima-

472 2528 545 2566 26.
574 2530 585 2551 ¹
602 2529 657 2575 (et
674 2529 760 2563 ideo
781 2534 933 2574 oportet
947 2548 992 2555 —
1010 2529 1215 2562 timendum
1238 2529 1312 2574 est)
1334 2533 1444 2575 atque
1466 2529 1541 2563 nisi
1562 2528 1671 2562 aliter
1692 2527 1889 2562 ordinetur
1903 2527 1948 2561 de

424 2581 488 2611 tua
509 2576 662 2617 familia,
681 2577 887 2610 timendum
907 2581 964 2610 est
979 2575 1052 2615 Cl.,
1077 2575 1121 2609 V.
1148 2576 1205 2616 R..
1229 2576 1268 2609 F.

471 2665 544 2702 2'7.
573 2666 583 2688 ¹
603 2665 774 2706 alterius,
798 2665 871 2705 Cl.,
895 2665 940 2700 V.
963 2665 1006 2698 R.

473 2795 510 2818 a.
543 2785 580 2818 o.
604 2785 660 2824 18,
687 2785 724 2817 c.
746 2782 883 2823 xxm,
910 2785 953 2828 ρ.
976 2784 1010 2818 5.

474 2890 511 2913 α.
537 2880 631 2918 C.1,
658 2879 694 2912 C.
715 2878 811 2912 XIV.
832 2880 874 2922 Q.
892 2880 926 2913 6.
943 2897 988 2904 —
1004 2877 1038 2911 Ι).
1063 2877 1181 2911 Exod.
1202 2877 1280 2916 XX,
1299 2879 1355 2912 17.
1377 2889 1462 2910 —c.
1483 2878 1520 2909 C.
1536 2878 1568 2916 1,
1586 2878 1619 2916 2,
1636 2877 1763 2916 D.x.;
1785 2875 1951 2910 —Hinc·

426 2938 566 2966 marus,
595 2924 765 2971 Epistola
793 2924 846 2959 ad
871 2925 1066 2972 episcopos
1093 2923 1137 2958 de
1163 2924 1396 2958 institutione
1425 2922 1704 2962 Carolomauni.
1741 2935 1822 2968 cap.
1846 2923 1949 2963 VIII,

425 2974 469 3006 P.
491 2975 546 3012 L.‚
562 2972 748 3011 t.CXXV‚
775 2985 811 3017 p.
835 2974 927 3013 835;
953 2991 995 2997 —
1017 2971 1259 3017 Smaragdus,
1282 2973 1325 3005 P.
1351 2973 1405 3010 L„
1429 2977 1455 3004 t.
1479 2970 1560 3009 Cll,
1584 2983 1619 3015 p.
1642 2972 1730 3010 933;
1755 2990 1798 2996 —
1819 2970 1949 3010 Jonas,

427 3021 472 3053 P.
499 3022 551 3059 L„
577 3025 602 3053 t.
628 3019 725 3060 CVI,
750 3032 786 3064 p.
812 3020 898 3059 295;
922 3038 964 3045 —
987 3018 1162 3052 Sedulius
1181 3018 1328 3058 Scotus,
1351 3019 1394 3052 P.
1417 3019 1473 3058 L.‚
1496 3023 1522 3051 t.
1556 3017 1656 3056 C111,
1680 3030 1744 3063 pp.
1768 3018 1849 3058 294,
1869 3018 1949 3058 295,

430 3068 524 3110 329;
550 3086 589 3093 ·-
615 3066 725 3112 Hugo
745 3067 789 3100 de
811 3066 945 3100 Sancta
968 3065 1100 3106 Maria,
1119 3067 1162 3099 P.
1188 3066 1242 3105 L.,
1267 3071 1292 3099 t.
1317 3064 1485 3104 CLXIII,
1506 3077 1541 3111 p.
1561 3065 1642 3099 941.
