2444 3750
1009 349 1226 389 -85-

355 451 420 484 est
452 439 572 499 regni
591 438 655 482 tui
682 437 995 482 destructivam
1024 448 1066 480 et
1085 448 1234 480 contra
1255 438 1337 480 Dei
1359 438 1645 491 voluntatem,
1681 439 1783 498 quia
1819 451 1883 483 est

354 527 537 570 magnus
577 526 698 553 error
747 510 846 552 licet
899 509 1023 567 quasi
1071 509 1139 551 lex
1180 509 1468 562 custodiatur,
1518 511 1635 553 unde
1674 511 1876 570 Sapienc.

354 582 400 637 [f.
436 583 535 636 135]
565 581 656 639 xiiij
685 597 693 623 :
721 582 1056 624 Convalescente
1084 583 1235 640 iniqua
1271 583 1595 635 consuetudine,
1632 598 1758 624 error
1785 592 1882 626 tan-

354 669 487 713 quam
511 656 582 695 lex
601 662 664 694 est
682 652 895 694 custodita
922 661 962 693 et
982 661 1272 708 tyrannorum
1292 655 1475 710 imperio
1495 653 1738 695 custoditur
1751 658 1782 707 ⁹,
1808 654 1883 696 sed

353 735 398 767 tu
428 740 501 766 rex
523 723 695 766 adverte
710 722 941 781 diligenter
966 733 1008 764 et
1030 722 1239 781 intellige,
1258 723 1375 781 quod
1397 722 1529 765 nichil
1553 723 1772 777 haberes²‚
1796 724 1880 767 nisi

351 811 372 838 a
398 797 508 846 Deo,
533 805 575 836 et
603 805 746 836 tamen
770 810 857 836 non
879 793 1021 836 aufert
1048 810 1069 836 a
1094 804 1134 835 te
1157 794 1275 853 quod
1298 794 1447 847 habes,
1472 794 1547 836 sed
1570 794 1704 853 magis
1726 794 1885 837 cotidie

355 865 618 925 multiplicat
648 881 725 924 per
751 864 871 923 quod
910 864 1069 906 instrui
1100 864 1259 907 debes³
1299 864 1401 907 dare
1440 865 1628 908 subditis
1657 865 1758 917 tuis,
1792 882 1882 908 non

351 948 498 980 autem
525 935 691 995 aliquid
709 936 764 978 ab
791 935 853 978 eis
876 935 1062 978 auferre.
1089 935 1175 977 Sed
1196 935 1339 978 videas
1361 952 1414 978 ne
1442 952 1645 995 provoces
1666 938 1810 979 Deum
1826 937 1881 979 ad

352 1008 458 1051 iram
486 1023 585 1050 cum
608 1018 673 1050 tot
699 1007 812 1049 bona
839 1006 1007 1049 dederit
1028 1006 1072 1049 in
1101 1023 1233 1049 manu
1257 1018 1346 1060 tua,
1381 1018 1429 1049 ut
1455 1007 1616 1050 dicitur
1641 1008 1799 1061 Job‚fli.
1833 1008 1879 1051 Si

351 1091 497 1123 autem
524 1078 708 1132 dicatur,
734 1078 851 1137 quod
882 1079 1027 1120 omnia
1069 1089 1172 1120 sunt
1208 1077 1432 1137 principis,
1476 1078 1559 1121 hoc
1600 1079 1794 1139 intellige
1825 1081 1878 1122 ad
1927 1130 1931 1134 s

351 1150 708 1206 defend[end]um
732 1165 821 1192 non
849 1150 901 1192 ad
929 1147 1313 1209 depredandum⁶;
1339 1149 1622 1192 Ecclesiastic.
1659 1151 1794 1209 xxxiij
1836 1151 1881 1195 in

353 1222 441 1264 fine
458 1221 531 1264 ubi
547 1221 708 1264 dicitur
724 1237 732 1264 :
751 1222 801 1264 Si
819 1231 884 1264 est
904 1222 983 1263 tibi
1000 1237 1163 1275 servus,
1180 1225 1237 1263 sit
1256 1221 1335 1264 tibi
1352 1225 1481 1280 quasi
1498 1225 1651 1264 anima
1667 1232 1757 1276 tua,
1777 1226 1882 1282 quia

314 1311 320 1316 ·
352 1297 396 1336 in
413 1296 628 1351 sanguine
647 1296 794 1335 anime
814 1291 1105 1350 comparasti⁴
1132 1308 1241 1345 eum,
1278 1291 1322 1334 id
1355 1303 1434 1345 est,
1460 1292 1703 1351 periculum
1736 1293 1882 1336 anime

352 1375 426 1407 tue
452 1375 531 1415 est,
557 1363 592 1406 si
619 1364 734 1406 male
754 1367 1014 1407 tractaveris
1046 1368 1182 1407 eum⁰.
1213 1364 1321 1406 Item
1355 1363 1516 1406 dicitur
1550 1363 1577 1422 ij
1613 1366 1782 1422 Regum
1821 1364 1877 1422 vij

352 1435 471 1494 quod
503 1434 644 1478 David
662 1435 746 1478 fuit
764 1451 838 1477 rex
871 1434 1039 1494 positus
1069 1450 1243 1493 pascere
1268 1450 1440 1493 gregem
1472 1435 1627 1494 populi
1658 1435 1756 1487 Dei,
1791 1451 1878 1478 non

353 1505 579 1565 spoliared.
606 1507 705 1549 Eze.
737 1506 822 1564 xlvj
852 1522 860 1548 :
890 1506 990 1550 Non
1028 1508 1212 1564 accipiet
1235 1509 1446 1563 princeps
1478 1506 1531 1548 de
1570 1506 1692 1549 bonis
1722 1507 1884 1565 populi

293 1628 302 1637 ο
345 1593 431 1636 per
451 1579 701 1621 violenciam
719 1582 757 1632 ⁶5
778 1588 821 1620 et
840 1576 1002 1619 dicitur
1028 1577 1233 1620 Proverb.
1269 1576 1358 1634 xxij
1381 1592 1389 1620 ι
1415 1577 1515 1621 Νοη
1545 1578 1693 1636 facias
1720 1578 1880 1621 violen-

353 1652 465 1692 ciam
476 1655 670 1707 pauperi'
696 1651 801 1708 quia
816 1649 1028 1690 Dominus
1044 1646 1291 1706 judicabit¹⁵
1312 1663 1494 1690 causam
1520 1650 1618 1707 ejus
1650 1657 1692 1691 et
1723 1653 1883 1706 puniet

352 1734 425 1762 eos
443 1725 520 1779 qui
539 1735 777 1778 pauperem
796 1717 1068 1777 punierunts‚
1088 1729 1130 1760 et
1145 1718 1267 1761 valde
1294 1718 1458 1761 odibile
1478 1728 1542 1761 est
1562 1718 1643 1761 hoc
1654 1729 1878 1778 peccatum

354 1791 450 1833 Deo
470 1789 573 1848 quia
595 1807 684 1833 non
706 1790 846 1832 solum
870 1789 1130 1849 prohibetur
1149 1789 1376 1840 violencia,
1407 1789 1482 1831 sed
1503 1789 1632 1831 etiam
1655 1789 1747 1848 ipsa
1769 1789 1879 1832 mala

352 1861 552 1904 voluntas
572 1860 785 1920 rapiendi.
807 1861 914 1903 Exo.
944 1877 1015 1902 xx.
1041 1855 1141 1904 Non
1162 1861 1432 1902 desiderabis
1453 1860 1596 1904 bovem
1620 1862 1688 1904 vel
1705 1864 1877 1903 asinum

348 1935 547 1993 proximi
563 1936 630 1975 tui
648 1933 714 1975 vel
729 1942 874 1975 cetera
892 1932 1004 1974 bona
1025 1947 1105 1990 que
1125 1932 1242 1974 illius
1262 1936 1399 1973 suntss.
1424 1932 1493 1983 Et,
1511 1947 1601 1983 rex,
1626 1931 1734 1974 scire
1749 1931 1880 1974 debes

352 2003 472 2062 quod
491 2003 745 2062 quicunque
773 2002 920 2044 fecerit
942 2002 1074 2060 hujus
1107 2001 1281 2061 rapinas
1317 2001 1535 2044 homicida
1575 2013 1654 2054 est,
1688 2001 1879 2045 eomedit

352 2074 469 2117 enim
496 2085 539 2116 et
578 2073 692 2116 bibit
727 2089 963 2132 pauperem
996 2072 1102 2115 dum
1136 2088 1203 2115 res
1247 2074 1341 2130 ejus
1376 2072 1553 2115 devorat
1588 2072 1682 2115 sine
1716 2072 1878 2131 quibus

352 2145 495 2188 vivere
523 2161 609 2188 non
636 2155 819 2203 poterat.
846 2143 1133 2187 Ecclesiastic.
1166 2143 1315 2202 xxxiiij
1340 2160 1347 2186 :
1370 2144 1460 2202 Qui
1478 2142 1631 2198 aufert
1650 2149 1695 2186 in
1715 2144 1877 2186 sudore

353 2311 469 2346 debes
492 2312 599 2357 dare)
619 2324 686 2358 per
703 2312 804 2358 quod
818 2311 971 2357 justicia
990 2310 1106 2345 debes
1126 2311 1228 2351 dare,
1247 2311 1289 2344 F.
1306 2323 1313 2350 ;
1337 2322 1406 2356 per
1423 2310 1525 2356 quod
1541 2309 1657 2344 debes
1679 2310 1783 2351 dare,
1805 2310 1879 2351 Cl.,

351 2359 397 2394 V.
422 2360 465 2393 R.
487 2379 534 2386 -—
553 2359 814 2405 ⁴temperasti,
839 2358 912 2400 Cl.,
936 2359 981 2394 V.
1002 2359 1046 2392 R.
1070 2379 1113 2385 —
1134 2357 1382 2398 ⁵vindicabit,
1406 2357 1480 2398 Cl.,
1503 2357 1549 2391 V.
1575 2357 1634 2399 R.‚
1659 2358 1700 2392 F.
1719 2377 1766 2384 —
1785 2356 1882 2404 ⁶(ci-

400 2487 437 2510 a.
461 2475 547 2519 Sap.
579 2474 678 2513 XIV,
709 2476 766 2510 16.
794 2493 838 2500 -
860 2473 894 2508 b.
926 2473 1084 2508 Joannis
1107 2472 1425 2514 saresberiensis,
1441 2472 1716 2520 Polycraticus,
1735 2473 1879 2516 lib.1V‚

353 2522 549 2568 cap.v111;
568 2521 702 2561 Lib.V,
721 2522 877 2567 cap.IV:
894 2521 1093 2562 Lib.VIII‚
1111 2534 1192 2566 cap.
1207 2521 1331 2561 XV11;
1349 2541 1392 2546 —
1406 2520 1443 2554 S.
1457 2521 1636 2561 Thomas,
1651 2520 1695 2555 de
1707 2522 1881 2567 regimine

350 2570 578 2617 principum,
602 2570 631 2609 Ι,
655 2581 736 2615 cap.
766 2569 795 2602 Ι.
822 2569 992 2614 Regnum
1014 2581 1088 2602 non
1110 2574 1168 2602 est
1192 2575 1348 2613 propter
1367 2580 1509 2613 regem,
1544 2569 1610 2602 sed
1631 2580 1695 2602 rex
1723 2575 1881 2615 propter

353 2629 556 2662 regnum...
580 2629 644 2650 rex
664 2616 772 2661 regni
790 2616 961 2650 redditus
984 2617 1133 2649 studeat
1153 2616 1365 2660 expendere
1386 2615 1424 2648 in
1446 2615 1587 2648 bonum
1608 2628 1805 2650 commune
1826 2616 1884 2650 vel

354 2664 391 2698 in
413 2664 553 2698 bonum
570 2663 691 2708 regni.
710 2664 767 2696 Cf.
782 2663 834 2696 id.
854 2663 923 2703 111,
947 2675 1029 2708 cap.
1052 2662 1123 2702 X1;
1150 2683 1193 2688 —
1211 2662 1396 2707 Aegidius
1420 2663 1626 2703 Romanus,
1646 2662 1690 2697 de
1712 2663 1886 2709 regimine

352 2711 580 2758 principum,
605 2710 689 2744 Lib.
712 2711 816 2750 VIII,
845 2716 941 2755 part.
971 2710 1020 2750 ΙΙ,
1053 2723 1134 2755 cap.
1151 2711 1191 2749 9;
1213 2709 1494 2743 —Vincentius
1519 2709 1816 2751 Bellovacensis,
1841 2710 1886 2746 de

354 2758 522 2792 moribus
547 2758 746 2805 principis,
771 2770 851 2802 cap.
881 2758 940 2797 11;
977 2759 1129 2791 Carmen
1157 2756 1201 2791 de
1230 2756 1332 2791 Bello
1361 2757 1531 2797 Lewensi,
1556 2770 1590 2791 v.
1623 2759 1691 2793 893
1719 2763 1754 2791 et
1776 2769 1883 2804 seqq.

354 2805 473 2850 (Edit.
498 2805 721 2851 Kingsford,
743 2817 780 2850 p.
803 2805 881 2850 29.)

687 2869 730 2900 Ut
745 2880 797 2900 rex
813 2869 911 2900 nichil
929 2873 1094 2910 proprium
1111 2868 1266 2910 praeferat
1280 2872 1452 2905 communi,

687 2911 757 2941 Non
776 2915 860 2942 enim
876 2915 1062 2952 preponitur
1085 2911 1208 2941 sibimet
1226 2914 1366 2941 victurus
1373 2932 1465 2943 .....

688 2952 781 2993 Regis
794 2963 857 2983 esse
870 2957 995 2983 noveris
1010 2963 1123 2983 nomen
1143 2953 1310 2983 relativum

688 2994 808 3024 Nomen
831 3004 954 3035 quoque
976 2998 1102 3024 sciveris
1117 3004 1180 3024 esse
1198 2997 1407 3034 protectivum
1413 3015 1505 3028 .....

689 3035 753 3076 Qui
772 3035 841 3066 vult
858 3036 917 3065 sibi
932 3039 1037 3066 vivere
1056 3046 1119 3066 non
1139 3035 1229 3066 debet
1246 3046 1385 3076 praeesse
1392 3059 1483 3069 .....

408 3111 440 3132 c.
462 3099 580 3133 Eccli.
603 3099 774 3139 XXXIII,
792 3102 849 3140 31,
873 3102 930 3135 32.
949 3120 993 3126 —
1015 3099 1053 3134 d.
1076 3101 1111 3134 II
1131 3101 1223 3146 Reg.
1248 3101 1331 3141 Vll,
1352 3103 1385 3136 7.
1406 3120 1456 3127 —-
1476 3113 1506 3135 e.
1536 3100 1645 3135 Ezec.
1671 3100 1804 3141 XLVI,
1829 3102 1886 3136 18.

360 3166 407 3173 -—
431 3147 460 3191 f.
484 3147 595 3180 Prov.
615 3147 733 3188 XXII,
754 3149 810 3188 22,
829 3149 883 3183 23.
910 3168 950 3173 —
972 3160 1009 3194 g.
1032 3147 1151 3182 Exod.
1182 3148 1261 3189 XX,
1287 3150 1343 3184 17.
1367 3168 1406 3174 —
1438 3147 1474 3183 Ῐῑ,
1498 3147 1614 3183 Eccli.
1637 3147 1804 3189 XXXIV,
1829 3149 1886 3186 26.
