2314 3736
1083 309 1321 352 —142-

440 411 584 444 tarent
613 399 795 443 salutem
826 399 971 443 anime
998 411 1086 451 tue,
1122 412 1170 443 ut
1196 412 1241 443 tu
1277 417 1326 443 ex
1356 400 1610 459 hujusmodi
1644 401 1961 446 donacionibus

438 472 625 515 solveres
646 471 791 514 debita
819 482 891 514 tua
914 483 956 514 et
976 471 1119 514 debita
1148 472 1282 531 patris
1303 472 1383 515 tui.

851 824 1196 867 CAPITULUM
1232 825 1541 868 ‚OCTAVUM

496 1033 636 1080 XIV.
672 1035 711 1076 O
738 1033 930 1077 Domine
950 1034 1009 1076 mi
1036 1049 1125 1086 rex,
1155 1034 1324 1077 utinam
1352 1051 1522 1094 saperes
1544 1047 1587 1079 et
1607 1036 1885 1097 intelligeres,
1914 1054 1963 1082 ac

439 1105 673 1147 novissima
696 1104 959 1164 provideres,
995 1105 1191 1164 Saperes,
1228 1105 1271 1147 id
1299 1117 1377 1158 est,
1408 1117 1553 1149 mente
1579 1107 1759 1151 haberes
1782 1121 1890 1168 quot
1921 1120 1963 1153 et

438 1187 623 1234 quantas
644 1191 852 1235 expensas
882 1175 1044 1218 faciunt
1066 1176 1129 1218 tui
1160 1176 1303 1235 magni
1330 1177 1430 1236 equi
1470 1177 1691 1231 bellicosi3
1725 1190 1766 1222 et
1799 1179 1962 1223 intelli-

437 1262 558 1305 geres
580 1257 686 1305 quot
706 1247 819 1289 bona
841 1262 967 1306 opera
989 1247 1162 1305 pietatis
1183 1263 1233 1289 ex
1255 1247 1340 1290 illis
1361 1248 1560 1307 expensis
1581 1249 1744 1292 frivolis
1775 1250 1868 1293 fieri
1890 1267 1962 1310 po-

438 1316 573 1360 terint
599 1317 643 1360 in
665 1317 745 1360 hac
771 1328 881 1360 terra
902 1334 911 1371 ;
946 1333 995 1359 ac
1020 1317 1251 1360 novissima
1281 1318 1544 1377 provideres,
1563 1319 1740 1374 scilicet,
1779 1331 1961 1364 mortem

438 1398 558 1430 tuam
593 1387 798 1439 flebilem,
839 1399 955 1430 certe
993 1387 1214 1447 ingentem
1257 1385 1491 1432 numerfim
1533 1390 1708 1433 illorum
1747 1407 1962 1451 equorum

437 1458 721 1512 diminueres,
745 1470 788 1501 et
808 1458 953 1501 debita
977 1469 1050 1501 tua
1071 1459 1273 1511 solveres,
1305 1471 1347 1503 et
1379 1460 1523 1503 debita
1552 1461 1686 1520 patris
1713 1462 1807 1516 tui3
1837 1473 1879 1505 et
1911 1478 1963 1505 ex

438 1529 694 1587 hujusmodi
707 1529 906 1588 expensis
927 1529 1202 1583 inordinatis,
1216 1546 1295 1589 pro
1310 1530 1449 1590 equis,
1467 1531 1624 1575 faceres
1645 1532 1812 1575 diversa
1833 1548 1964 1592 opera

437 1600 625 1659 pietatis.
660 1601 767 1643 Nam
804 1600 964 1643 dicitur
992 1602 1363 1645 Deuteronomus.
1399 1618 1512 1645 xvn:
1548 1604 1644 1646 Rex
1669 1609 1845 1662 sapiens
1877 1619 1964 1646 non

437 1673 699 1731 multiplicat
716 1673 802 1715 sibi
818 1677 986 1732 equo-sa.
1014 1673 1097 1715 Sed
1119 1673 1281 1716 diceret
1302 1673 1413 1716 forte
1438 1674 1595 1733 aliquis
1616 1691 1666 1717 ex
1682 1685 1803 1734 parte
1822 1674 1960 1734 regis:

437 1742 559 1785 decet
585 1759 727 1802 regem
768 1743 926 1786 habere
961 1743 1291 1787 multitudinem
1337 1760 1594 1804 magnorum
1634 1762 1849 1805 equorum
1885 1761 1964 1805 pro

438 1813 693 1857 defensione
719 1825 832 1857 terre
849 1830 940 1857 sue.
963 1816 1018 1857 Et
1039 1830 1118 1874 ego
1139 1814 1236 1857 dico
1251 1815 1348 1868 tibi,
1373 1832 1451 1874 pro
1469 1827 1600 1868 certo,
1625 1827 1668 1859 et
1687 1832 1830 1859 coram
1851 1817 1961 1869 Deo,

436 1885 557 1943 quod
584 1901 672 1927 non
706 1885 760 1927 ad
786 1885 1084 1928 defensionem
1114 1897 1241 1940 terre,
1278 1886 1352 1928 sed
1386 1887 1536 1945 pocius
1575 1887 1628 1929 ad
1659 1887 1891 1931 vanitatem
1919 1898 1964 1930 et

437 1955 774 1998 destructionem
799 1967 925 1998 terre.
955 1956 1140 1999 Jeremie
1160 1974 1215 1999 11:
1239 1956 1584 2001 Ambulaverunt
1598 1968 1699 2016 post
1728 1962 1963 2002 vanitatem

437 2036 478 2068 ec
497 2029 601 2070 vani
618 2027 733 2085 facti
744 2025 884 2070 sunffi.
915 2027 1042 2069 Unde
1069 2027 1181 2080 vide,
1203 2038 1245 2070 et
1265 2028 1498 2087 diligenter
1516 2029 1706 2081 adverte,-
1726 2028 1831 2088 quid
1854 2040 1898 2072 et
1919 2028 1963 2072 in

437 2097 598 2156 quibus
625 2097 888 2156 profuerunt
908 2098 978 2140 isti
1009 2098 1150 2156 magni
1174 2098 1274 2157 equi
1302 2110 1344 2141 et
1365 2099 1559 2142 bellicosi
1590 2099 1674 2142 illis
1698 2099 1863 2159 magnis
1891 2100 1964 2142 do·

439 2168 568 2210 minis
602 2168 735 2226 hujus
775 2180 902 2213 terre.
945 2169 1055 2212 Nolo
1094 2169 1284 2228 aliquem
1336 2170 1576 2223 nominare,
1618 2170 1719 2229 quia
1761 2170 1965 2213 facillime

439 2238 617 2281 fuerunt
636 2239 766 2298 capti,
794 2240 1018 2292 destructi,
1046 2251 1088 2282 et
1119 2240 1254 2299 aliqui
1281 2257 1432 2283 eorum
1461 2241 1690 2293 interfecti,
1727 2252 1774 2285 et
1810 2257 1965 2284 omnes

437 2325 572 2368 equos
602 2310 843 2353 amiserunt
875 2326 973 2353 cum
1001 2311 1205 2354 omnibus
1238 2311 1378 2355 bonis.
1418 2313 1504 2354 Nec
1536 2312 1712 2364 mirum,
1756 2312 1859 2371 quia
1899 2311 1965 2355 illi

438 2379 514 2437 qui
535 2396 814 2439 quocumque
839 2381 933 2424 loco
967 2383 1265 2435 morabantur,
1298 2382 1556 2425 multimoda
1587 2383 1742 2425 damna
1766 2394 1807 2425 et
1849 2382 1963 2425 varia

438 2461 481 2492 et
502 2450 685 2503 diversa,
715 2468 793 2510 per
826 2468 927 2494 suos
952 2452 1168 2504 custodes,
1206 2453 1391 2496 maxime
1418 2453 1681 2512 pauperibus
1707 2453 1960 2497 faciebant¹.

439 2521 494 2563 Et
521 2521 564 2563 in
585 2521 777 2574 veritate,
802 2539 888 2581 que
908 2524 1027 2565 Deus
1054 2534 1132 2574 est,
1162 2523 1299 2566 oratio
1326 2523 1457 2566 unius
1485 2524 1589 2567 boni
1611 2524 1829 2583 pauperis,
1861 2524 1960 2582 plus

437 2591 642 2634 valuisset
679 2592 755 2647 eis,
800 2609 931 2652 quam
976 2609 1128 2636 omnes
1159 2594 1222 2636 illi
1260 2594 1360 2653 equi
1392 2595 1601 2638 bellicosi.
1638 2596 1693 2638 Et
1723 2595 1805 2637 hoc
1842 2594 1959 2637 idem

437 2661 536 2705 dico
562 2662 643 2706 tibi
661 2663 841 2706 domino
863 2663 967 2723 regi,
997 2664 1096 2723 plus
1118 2665 1313 2723 proderit
1333 2665 1410 2707 tibi
1427 2666 1565 2708 oratio
1581 2665 1711 2709 unius
1734 2665 1838 2708 boni
1860 2681 1964 2724 pau-

439 2733 552 2791 peris
578 2733 767 2793 religiosi
794 2750 867 2777 seu
889 2735 1082 2786 alterius,
1113 2735 1243 2777 etiam
1275 2735 1318 2778 in
1356 2736 1484 2787 bello,
1510 2752 1641 2796 quam
1672 2752 1823 2779 omnes
1857 2734 1960 2794 equi

439 2803 502 2846 tui
531 2804 739 2848 bellicosi.
780 2805 935 2848 Exodii
968 2821 1079 2848 xvii:
1119 2806 1291 2862 Moyses
1323 2807 1475 2850 levavit
1506 2823 1661 2850 manus
1688 2808 1750 2850 ad
1773 2807 1956 2860 celum‘,

488 2979 611 3018 xlv.
638 2981 650 3004 ¹
663 2980 805 3017 fiebant
822 2981 868 3017 A.

488 3109 526 3134 a.
548 3097 659 3133 Deut.
683 3097 801 3141 XVII,
825 3101 882 3136 16.
903 3117 951 3126 —
971 3097 1006 3134 b.
1031 3098 1109 3134 Jer.
1133 3099 1181 3141 11,
1204 3100 1238 3136 5.
1265 3119 1310 3127 —
1330 3112 1361 3135 c.
1391 3099 1509 3135 Exod.
1533 3098 1651 3142 XVII,
1679 3101 1737 3135 11.
1759 3119 1805 3126 —
1825 3098 1864 3135 d.
1889 3098 1958 3136 Ju-
