2444 3750
988 324 1200 364 —15÷

397 448 607 496 Alteram
621 447 952 495 recensionem
968 449 1003 492 B
1017 443 1234 492 referunt
1248 445 1390 492 etiam
1411 445 1629 510 quinque
1649 443 1858 492 codices.

398 537 562 585 Codex
607 535 914 594 Bodleianus,
948 542 1170 582 exaratus
1214 532 1432 592 fortasse,
1466 533 1636 581 saltem
1676 543 1726 581 ut
1761 534 1859 599 opi-

334 636 476 675 natur
500 627 560 674 cl.
601 626 672 672 vir
710 624 894 682 Hook¹,
935 623 1047 688 Islip
1092 624 1236 670 etiam
1276 631 1378 670 tum
1416 623 1626 682 vivente,
1675 631 1859 670 textum

332 716 669 783 primigenium
695 713 904 762 exhibet.
937 717 1078 760 Hunc
1105 712 1301 777 quidem
1329 720 1515 759 textum
1550 711 1768 759 adhibuit
1793 711 1858 758 cl.

331 806 404 852 vir
423 809 506 854 W.
525 803 720 863 Stubbs,
744 804 793 850 in
814 801 1063 850 scribenda
1085 819 1169 848 sua
1199 821 1218 846 «
1237 805 1461 848 Historia
1490 804 1863 848 Constitatiom's

332 894 550 958 Angll'ae
570 893 602 940 ².
642 913 663 938 »

399 983 580 1030 Eodem
605 981 704 1030 fere
726 990 961 1047 tempore,
992 997 1167 1046 nempe
1189 980 1381 1027 saeculo
1402 997 1479 1027 xlv
1505 979 1565 1027 ad
1593 979 1740 1027 finem
1763 997 1866 1027 ver-

333 1081 494 1139 gente,
528 1071 704 1138 prodiit
723 1071 1029 1136 transcriptio
1058 1087 1183 1135 quae
1210 1071 1258 1116 in
1285 1069 1450 1117 codice
1480 1069 1871 1123 Rawlinsoniano,

333 1163 594 1209 invenitur.
641 1165 696 1207 In
732 1160 845 1207 folio
879 1160 1099 1217 insiticio,
1138 1158 1196 1205 ad
1231 1152 1432 1216 calcem,
1473 1157 1647 1223 legitur
1685 1174 1864 1204 nomen

334 1250 528 1299 Roberti
550 1250 752 1298 Sondes.
772 1254 827 1296 In
848 1250 999 1315 prima
1016 1249 1185 1314 pagina
1202 1248 1388 1314 depicta
1410 1256 1523 1295 sunt
1543 1265 1673 1295 arma
1690 1246 1864 1294 nobilis

334 1339 538 1388 familiae
550 1339 727 1387 ducum
741 1338 1100 1403 Buckinghamii
1121 1346 1170 1385 et
1190 1338 1420 1385 comitum
1441 1336 1860 1384 Staffordensium.

334 1429 404 1476 Ad
425 1429 604 1477 calcem
633 1429 828 1487 codiciS,
856 1427 890 1474 f⁰
917 1430 998 1486 29,
1032 1426 1299 1490 subjectum
1320 1435 1393 1474 est
1418 1426 1672 1473 consilium
1698 1424 1864 1473 Ludo-

334 1519 424 1566 vici
440 1522 524 1577 IX,
542 1519 664 1583 regis
680 1518 906 1564 Franciae
920 1516 980 1564 ad
1002 1515 1152 1563 filium
1170 1533 1311 1563 suum
1323 1516 1613 1581 Philippum,
1634 1515 1864 1580 scriptum

334 1625 463 1655 anno
499 1610 638 1666 1270,
668 1625 778 1655 cum
817 1608 865 1653 in
904 1606 1129 1654 extremis
1168 1605 1436 1671 langueret.
1473 1609 1529 1652 In
1557 1605 1648 1652 isto
1677 1603 1861 1661 codice,

334 1697 556 1745 tractatui
589 1705 754 1744 nostro
785 1696 861 1743 hic
894 1696 1061 1743 titulus
1088 1694 1387 1761 praefertur:
1418 1694 1686 1759 Speculum
1712 1697 1858 1757 regis,

333 1791 430 1834 sive
455 1787 769 1842 ‚Admom‘cio
807 1787 877 1833 ad
909 1790 1088 1850 Regem
1132 1785 1447 1832 Edwarclum
1487 1789 1582 1842 III,
1627 1785 1691 1831 de
1728 1782 1865 1832 mala

334 1880 477 1941 regni
513 1878 957 1932 administratione,
999 1885 1204 1921 auctore
1239 1877 1439 1922 Simone
1474 1874 1616 1938 Islip,
1666 1874 1865 1921 archie-

330 1971 536 2031 piscopo
560 1969 938 2012 Cantaarc'ense.

402 2053 529 2115 Quid
574 2053 878 2101 sentiendum
922 2051 982 2099 de
1026 2052 1330 2099 connexione
1369 2051 1510 2114 hujus
1548 2050 1724 2099 codicis
1755 2067 1866 2098 cum

337 2142 632 2191 Bodleiano?
671 2142 854 2189 Multae
893 2150 1006 2188 sunt
1040 2140 1293 2188 dissimiles
1326 2141 1573 2199 lectiones,
1616 2157 1715 2187 non
1757 2139 1864 2187 illae

335 2242 498 2281 tamen
524 2233 645 2280 tanti
664 2232 915 2289 momenti,
945 2247 1069 2296 quae
1100 2247 1212 2277 eum
1239 2230 1298 2277 ad
1325 2229 1466 2277 aliam
1494 2229 1714 2277 codicum
1734 2229 1864 2276 fami-

336 2322 448 2370 liam
477 2320 645 2370 referri
666 2320 882 2384 jubeant.
907 2320 1114 2367 Maxima
1142 2319 1339 2384 quidem
1365 2319 1685 2385 discrepantia
1718 2326 1790 2366 est
1816 2318 1865 2364 in

335 2411 570 2477 principio
596 2409 762 2457 libelli.
794 2408 956 2457 Codex
984 2407 1396 2456 Rawlinsonianus
1419 2408 1681 2473 praemittit
1706 2406 1864 2473 prolo-

336 2517 468 2565 gum,
489 2501 573 2565 qui
591 2500 656 2547 sic
675 2499 867 2564 incipit:
896 2501 1160 2546 ODomine
1175 2501 1246 2544 mi
1257 2501 1380 2554 Rex,
1406 2501 1540 2544 circa
1559 2497 1770 2544 salutem
1785 2496 1863 2544 ³...

336 2588 567 2653 Prologus
592 2588 676 2636 ille
708 2587 845 2635 deest
873 2588 922 2634 in
951 2586 1213 2634 Bodleiano
1246 2595 1295 2634 et
1325 2587 1374 2633 in
1405 2585 1665 2634 Harleiano
1698 2587 1858 2644 2399,

337 2677 471 2726 adest
496 2694 609 2725 vero
633 2678 682 2724 in
708 2677 808 2724 aliis
835 2693 979 2742 supra
1005 2677 1160 2723 citatis
1185 2675 1328 2739 hujus
1354 2676 1648 2723 recensionis
1675 2679 1710 2721 B
1737 2674 1865 2735 codi÷

338 2765 497 2826 cibus,
519 2766 568 2813 hi
587 2767 730 2831 igitur
748 2766 1021 2830 transcripti
1042 2773 1155 2812 sunt
1179 2782 1238 2813 ex
1264 2764 1429 2812 codice
1451 2763 1860 2813 RawlinsonianO.

396 2950 432 2991 1.
463 2950 528 2990 W.
553 2951 682 2999 Hook,
705 2964 766 3001 op.
790 2952 873 2999 cit.,
897 2964 935 3002 p.
962 2952 1051 2989 130.

393 3011 433 3048 2.
464 3012 530 3051 W.
557 3010 709 3056 stubbs,
739 3012 1030 3048 Constitutional
1054 3010 1201 3057 history
1222 3005 1268 3059 of
1292 3009 1488 3059 Etzgland,
1521 3015 1550 3046 t.
1583 3009 1635 3055 ΙΙ,
1667 3021 1734 3059 pp.
1770 3009 1862 3055 204,

344 3070 435 3117 534,
461 3070 550 3115 535,
575 3075 647 3108 eto.

398 3129 433 3167 3.
465 3130 494 3165 B
516 3128 538 3177 ξ
558 3129 595 3165 1.
