2314 3736
960 344 1173 383 -87-

301 431 479 490 aliquod
500 442 737 490 apponant.
763 431 889 475 Unde
916 430 1112 474 facientis
1138 430 1312 489 culpam
1337 430 1484 484 habet,
1508 430 1584 489 qui
1612 431 1730 489 quod
1752 447 1827 490 po-.

302 513 385 545 test
410 502 638 560 corrigere,
670 502 870 560 negligit³
890 502 1138 555 emendare,
1163 502 1307 559 lxxxvj
1333 501 1386 543 de
1401 500 1648 560 facientis⁶.
1674 503 1729 544 Et
1750 519 1827 545 ne-

300 573 459 632 gligere
481 589 579 615 cum
603 573 738 631 possit
765 574 1021 631 perturbare
1043 588 1265 631 perversos
1293 572 1426 615 nichil
1456 572 1575 615 aliud
1597 584 1662 615 est
1695 590 1826 632 quam

301 660 374 687 eos
402 644 559 696 fovere,
585 660 663 685 nec
688 655 802 686 caret
829 643 1035 702 scrupulo
1068 642 1286 685 societatis
1314 643 1458 686 oculte
1484 643 1560 702 qui
1595 643 1828 686 manifesto

302 714 482 757 facinori
511 714 670 756 desinit
688 715 877 765 obviare,
902 714 1053 772 lxxxiij
1078 715 1131 756 de
1150 730 1272 756 nemo
1295 729 1436 768 error,
1462 725 1564 765 etc.,
1590 716 1699 773 qaid
1716 718 1829 757 enim

302 797 405 838 etc.‚
429 789 703 828 consentit-6⁰.
735 786 791 827 Et
810 785 1056 828 consentire
1073 785 1244 827 videtur
1264 801 1335 826 rex
1360 785 1521 828 erranti
1542 785 1619 843 qui
1640 785 1691 828 ad
1714 801 1831 828 rese-

301 856 434 899 canda
457 873 541 915 que
567 856 722 915 corrigi
744 856 906 898 debent
933 872 1020 898 non
1048 855 1251 899 occurrit.
1283 857 1338 898 Et
1366 867 1545 914 propter
1573 856 1830 914 hujusmodi

302 926 573 985 empciones⁴
594 938 636 969 et
662 927 834 986 rapinas
853 943 937 986 que
958 927 1071 969 fiunt
1098 942 1175 985 per
1196 938 1294 969 tuos
1317 926 1556 978 ministros,
1580 927 1715 969 immo
1742 927 1830 970 dia-

302 997 391 1039 boli
422 1014 581 1049 servos,
612 1009 748 1040 status
772 1009 872 1040 tuus
912 1013 1001 1040 non
1028 997 1248 1040 modicum
1282 997 1549 1040 diffamatur.
1585 997 1739 1057 Igitur,
1783 1009 1832 1041 ut

304 1069 414 1111 fama
456 1080 526 1111 tua
567 1069 623 1111 sit
662 1070 791 1120 bona,
829 1080 872 1111 et
905 1068 1023 1110 illesa
1054 1068 1108 1110 de
1135 1079 1277 1110 cetero
1303 1080 1598 1121 conservetur,
1633 1068 1831 1128 oportet⁵

302 1140 420 1198 quod
471 1140 661 1198 predicta
708 1139 853 1182 omnia
908 1139 1035 1182 facias
1067 1138 1224 1198 corrigi
1265 1139 1358 1181 sine
1397 1155 1534 1190 mora,
1577 1140 1679 1198 quia
1716 1128 1848 1183 bona

303 1211 414 1253 fama
435 1211 534 1270 plus
556 1211 669 1253 valet
690 1227 821 1269 quam
850 1210 1022 1252 infinite
1042 1209 1213 1261 divicie,
1237 1209 1355 1252 unde
1376 1211 1579 1253 Proverb.
1602 1211 1689 1268 xxij
1709 1226 1717 1253 :
1743 1211 1832 1253 Me·

233 1321 238 1326 .
303 1283 388 1325 lius
415 1292 478 1325 est
490 1298 647 1324 nomen
670 1280 865 1335 bonam⁶,
884 1298 1015 1341 quam
1034 1282 1188 1325 divicie
1213 1282 1348 1323 multe
1359 1279 1389 1323 α.
1422 1282 1477 1324 Et
1497 1281 1551 1324 ad
1574 1281 1672 1333 hoc,
1698 1281 1831 1324 debes

303 1354 515 1406 laborare,
541 1364 590 1395 ut
622 1354 780 1395 habeas
810 1354 970 1395 bonam
1008 1352 1182 1406 famam,
1210 1351 1311 1410 quia
1343 1352 1586 1395 secundum
1624 1352 1841 1412 Augusti-'

304 1424 447 1466 tinum
463 1429 476 1448 ⁶
503 1424 590 1466 duo
609 1435 713 1466 sunt
734 1423 811 1466 tibi
836 1423 1088 1475 necessaria,
1113 1422 1327 1473 videlicet,
1352 1422 1618 1465 consciencia
1634 1424 1769 1480 justa,
1789 1434 1832 1466 et

304 1496 414 1537 sama
439 1495 633 1537 honesta.
667 1494 946 1538 consciencia
988 1511 1065 1553 pro
1105 1505 1161 1545 te,
1206 1494 1316 1536 fama
1351 1505 1530 1552 propter
1564 1493 1827 1552 proximum.

306 1567 395 1621 Qui
428 1577 573 1608 autem
614 1567 771 1608 famam
798 1582 920 1608 suam
963 1565 1159 1624 negligit,
1199 1565 1387 1608 crudelis
1427 1575 1506 1609 est.
1543 1566 1652 1607 Item
1683 1580 1831 1607 secun-

308 1637 413 1679 dum
437 1636 815 1691 Cass[i0dorum]s:
842 1636 1109 1695 Quicunque
1135 1635 1310 1679 affectat
1329 1636 1555 1678 commoda
1578 1637 1693 1678 bone
1721 1636 1833 1678 fame

307 1708 484 1767 negligit
505 1719 734 1766 augmenta
759 1708 957 1767 pecunie,
979 1718 1021 1750 et
1044 1706 1264 1766 regnantis
1293 1706 1473 1749 facultas
1500 1718 1605 1750 tunc
1625 1707 1675 1749 fit
1694 1706 1832 1750 dicior

304 1779 480 1838 quando
502 1779 658 1821 nititur
677 1779 908 1837 adquirere
929 1779 1154 1821 thesauros
1184 1779 1300 1820 bone
1329 1777 1456 1831 fame,
1489 1778 1680 1836 neglecta
1716 1779 1829 1820 bona

306 1850 494 1893 utilitate
523 1849 721 1908 pecunie.
748 1851 802 1892 Et
829 1861 892 1902 tu,
917 1855 1007 1901 rex,
1033 1849 1067 1892 si
1092 1849 1154 1891 vis
1180 1848 1410 1907 adquirere
1439 1848 1517 1891 tibi
1546 1849 1830 1891 dileccionem

306 1921 458 1980 populi
486 1921 530 1963 in
558 1937 689 1979 opere
710 1932 802 1972 tuo,
841 1921 920 1963 hoc
950 1920 1168 1964 ostendas.
1207 1919 1333 1962 Unde
1369 1919 1656 1978 Gregoriusv:
1693 1921 1832 1963 Amor

308 2003 453 2035 noster
486 2007 583 2051 erga
616 1991 864 2050 proximum
894 1992 991 2051 plus
1018 2003 1224 2051 operatur
1254 1996 1421 2037 bonum
1452 2009 1564 2052 opus
1592 2007 1724 2052 quam
1751 1991 1830 2033 lin·

306 2079 388 2122 gua
410 2074 459 2105 ut
487 2062 529 2104 in
559 2062 653 2121 ipso
682 2063 798 2104 bono
831 2079 962 2122 opere
989 2063 1215 2122 proximus
1243 2076 1283 2107 te
1312 2065 1446 2108 amari
1469 2064 1628 2117 videat,
1658 2074 1700 2106 et
1731 2078 1831 2105 cum

308 2144 479 2176 tantum
515 2150 602 2175 non
635 2149 868 2191 possumus
906 2135 1148 2192 quantum⁷
1174 2135 1376 2179 volumus
1413 2133 1600 2194 operari,
1633 2133 1831 2191 omnipo-

307 2203 417 2246 tenti
446 2205 538 2246 Deo
559 2204 726 2246 occulta
751 2204 894 2247 cordis
924 2204 1059 2247 nostri
1088 2205 1329 2258 sufficiunt,
1353 2217 1396 2248 et
1427 2222 1504 2265 per
1529 2220 1721 2248 amorem
1749 2203 1833 2247 Dei

308 2290 431 2317 amor
465 2274 652 2333 proximi
695 2275 905 2334 gignitur,
941 2286 984 2318 et
1020 2292 1097 2334 per
1135 2292 1328 2319 amorem
1370 2276 1559 2335 proximi
1596 2290 1720 2318 amor
1750 2274 1833 2318 Dei

308 2345 515 2390 mittitur.
545 2346 653 2388 Nam
674 2346 750 2404 qui
777 2362 921 2388 amare
941 2347 1189 2405 proximum
1229 2347 1423 2406 negligit,
1460 2346 1655 2406 profecto
1687 2347 1832 2389 Deum

309 2417 558 2466 Creatorem
581 2433 708 2459 suum
731 2416 911 2476 diligere
932 2417 1082 2460 nescit.

366 2546 414 2592 4.
454 2546 539 2588 Sed
567 2546 726 2589 mirum
747 2558 826 2598 est,
857 2558 900 2590 et
918 2546 1210 2590 admiracione
1230 2563 1320 2590 non
1360 2547 1527 2591 modica
1561 2546 1830 2600 mirandum,

309 2633 393 2676 qua
414 2617 608 2669 audacia,
626 2633 711 2677 qua
739 2618 995 2671 temeritate,
1015 2620 1115 2676 jure
1140 2617 1269 2677 periti
1301 2618 1355 2661 de
1388 2618 1551 2662 familia
1585 2629 1659 2662 tua
1685 2629 1728 2661 et
1759 2617 1834 2660 alii

311 2782 491 2829 animam)
526 2794 596 2817 om.
620 2782 693 2823 CL,
716 2783 761 2817 V.
792 2782 851 2823 R„
879 2783 920 2817 F.
944 2803 987 2810 —
1013 2781 1225 2818 ³habent...
1248 2788 1454 2828 possunt...
1473 2782 1731 2829 negligunt...,
1761 2782 1835 2825 CL,

310 2830 356 2863 V.
380 2830 423 2863 R.
449 2849 491 2856 -
523 2829 615 2875 ⁴(Et
635 2835 793 2875 propter
820 2830 1037 2875 hujusmodi
1064 2850 1107 2856 -
1135 2830 1208 2864 Sed
1235 2831 1370 2864 mirum
1397 2835 1467 2870 est,
1495 2837 1535 2864 u⁰
1561 2831 1600 2875 4)
1627 2841 1699 2864 om.
1728 2830 1756 2864 F
1791 2849 1837 2856 —-

310 2876 435 2917 ⁵vide,
460 2876 534 2918 Cl.,
553 2877 599 2911 V.
622 2877 666 2910 R.
687 2897 735 2903 —
754 2876 882 2911 “bona
900 2877 1009 2918 fama,
1031 2877 1105 2918 Cl..
1127 2877 1173 2912 V.
1198 2877 1240 2913 R.
1267 2897 1309 2904 -
1328 2876 1481 2924 ⁷quam,
1505 2877 1579 2918 Cl.‚
1602 2877 1648 2913 V.
1672 2878 1716 2912 R.

314 3014 357 3019 —
379 3006 410 3027 c.
435 2994 478 3027 C.
500 2996 532 3034 2,
557 2996 591 3029 3.
613 2995 659 3028 D.
681 2995 937 3028 LXXXIII.-—-
953 2994 991 3028 d.
1010 2995 1122 3028 Prov.
1146 2994 1263 3034 XXII,
1282 2997 1410 3029 1.—·e.
1434 2994 1470 3028 S.
1494 2994 1697 3039 Augustini
1713 2997 1839 3030 Sermo

315 3041 468 3081 XLVII,
490 3043 534 3075 P.
551 3043 607 3081 L.,
628 3048 653 3075 t.
669 3042 874 3082 XXXVIII,
896 3055 932 3087 p.
955 3044 1036 3077 301.
1056 3062 1100 3067 —
1121 3043 1150 3086 f.
1174 3041 1398 3075 Cassiodori
1432 3042 1643 3082 Variarum‚
1667 3042 1751 3076 Lib.
1774 3042 1839 3082 VI,

316 3090 350 3122 9.
378 3089 422 3122 P.
442 3090 497 3128 L.,
520 3094 547 3122 t.
567 3089 698 3129 LXIX,
721 3101 758 3134 p.
781 3090 863 3125 691.
882 3109 928 3114 —
944 3101 980 3134 g.
1004 3089 1041 3122 S.
1068 3089 1246 3134 Gregorii
1272 3088 1524 3124 Homiliarum
1543 3088 1582 3123 in
1601 3088 1840 3125 Ezechielem.

317 3134 402 3170 Lib.
426 3135 474 3176 11,
498 3135 637 3169 Homil.
660 3135 705 3176 V,
728 3137 771 3170 P.
797 3138 849 3177 L„
874 3142 899 3170 t.
925 3135 1089 3177 LXXVI,
1113 3148 1149 3182 p.
1172 3137 1253 3171 988.
