<?xml version="1.0" encoding="UTF-8"?>
<!DOCTYPE html PUBLIC "-//W3C//DTD XHTML 1.0 Transitional//EN"
    "http://www.w3.org/TR/xhtml1/DTD/xhtml1-transitional.dtd">
<html xmlns="http://www.w3.org/1999/xhtml" xml:lang="en" lang="en">
 <head>
  <title>
</title>
<meta http-equiv="Content-Type" content="text/html;charset=utf-8" />
  <meta name='ocr-system' content='tesseract 3.04.00' />
  <meta name='ocr-capabilities' content='ocr_page ocr_carea ocr_par ocr_line ocrx_word'/>
</head>
<body>
  <div class='ocr_page' id='page_1' title='image "./despeculoregised00isliuoft_0131.png"; bbox 0 0 2314 3736; ppageno 0'>
   <div class='ocr_carea' id='block_1_1' title="bbox 1007 382 1239 422">
    <p class='ocr_par' dir='ltr' id='par_1_1' title="bbox 1007 382 1239 422">
     <span class='ocr_line' id='line_1_1' title="bbox 1007 382 1239 422; baseline 0 0"><span class='ocrx_word' id='word_1_1' title='bbox 1007 382 1239 422; x_wconf 76' lang='lat'>—121-</span> 
     </span>
    </p>
   </div>
   <div class='ocr_carea' id='block_1_2' title="bbox 362 471 1892 588">
    <p class='ocr_par' dir='ltr' id='par_1_2' title="bbox 362 471 1892 588">
     <span class='ocr_line' id='line_1_2' title="bbox 365 471 1892 533; baseline 0.001 -16"><span class='ocrx_word' id='word_1_2' title='bbox 365 484 563 533; x_wconf 89' lang='lat' dir='ltr'>tempora</span> <span class='ocrx_word' id='word_1_3' title='bbox 593 472 819 516; x_wconf 87' lang='lat' dir='ltr'>vobiscum</span> <span class='ocrx_word' id='word_1_4' title='bbox 841 472 995 514; x_wconf 82' lang='lat' dir='ltr'>erant?</span> <span class='ocrx_word' id='word_1_5' title='bbox 1021 471 1163 514; x_wconf 87' lang='lat' dir='ltr'>Nichil</span> <span class='ocrx_word' id='word_1_6' title='bbox 1197 488 1248 514; x_wconf 85' lang='lat' dir='ltr'>ex</span> <span class='ocrx_word' id='word_1_7' title='bbox 1275 473 1336 515; x_wconf 89' lang='lat' dir='ltr'>eis</span> <span class='ocrx_word' id='word_1_8' title='bbox 1369 473 1578 515; x_wconf 86' lang='lat' dir='ltr'><strong>remansit</strong></span> <span class='ocrx_word' id='word_1_9' title='bbox 1612 473 1697 516; x_wconf 92' lang='lat' dir='ltr'>nisi</span> <span class='ocrx_word' id='word_1_10' title='bbox 1727 474 1892 518; x_wconf 88' lang='lat' dir='ltr'>cineres</span> 
     </span>
     <span class='ocr_line' id='line_1_3' title="bbox 362 555 604 588; baseline -0.004 0"><span class='ocrx_word' id='word_1_11' title='bbox 362 555 405 588; x_wconf 89' lang='lat' dir='ltr'>et</span> <span class='ocrx_word' id='word_1_12' title='bbox 424 561 604 588; x_wconf 89' lang='lat' dir='ltr'>vermes.</span> 
     </span>
    </p>
   </div>
   <div class='ocr_carea' id='block_1_3' title="bbox 346 673 1891 2942">
    <p class='ocr_par' dir='ltr' id='par_1_3' title="bbox 346 673 1891 2942">
     <span class='ocr_line' id='line_1_4' title="bbox 420 673 1891 732; baseline 0.001 -13"><span class='ocrx_word' id='word_1_13' title='bbox 420 673 507 719; x_wconf 88' lang='grc'>44.</span> <span class='ocrx_word' id='word_1_14' title='bbox 542 674 732 716; x_wconf 90' lang='lat' dir='ltr'>Attende</span> <span class='ocrx_word' id='word_1_15' title='bbox 760 673 992 732; x_wconf 84' lang='lat' dir='ltr'>diligenter</span> <span class='ocrx_word' id='word_1_16' title='bbox 1009 673 1115 731; x_wconf 88' lang='lat' dir='ltr'>quid</span> <span class='ocrx_word' id='word_1_17' title='bbox 1145 681 1265 725; x_wconf 81' lang='lat' dir='ltr'>sunt,</span> <span class='ocrx_word' id='word_1_18' title='bbox 1289 673 1353 715; x_wconf 91' lang='lat' dir='ltr'>vel</span> <span class='ocrx_word' id='word_1_19' title='bbox 1393 673 1500 732; x_wconf 91' lang='lat' dir='ltr'>quid</span> <span class='ocrx_word' id='word_1_20' title='bbox 1535 675 1729 720; x_wconf 88' lang='lat' dir='ltr'>fuerunt.</span> <span class='ocrx_word' id='word_1_21' title='bbox 1767 677 1891 720; x_wconf 86' lang='lat' dir='ltr'>Sicut</span> 
     </span>
     <span class='ocr_line' id='line_1_5' title="bbox 362 743 1888 803; baseline 0.002 -16"><span class='ocrx_word' id='word_1_22' title='bbox 362 755 426 800; x_wconf 85' lang='lat' dir='ltr'>tu,</span> <span class='ocrx_word' id='word_1_23' title='bbox 451 744 751 797; x_wconf 85' lang='lat' dir='ltr'>comederunt,</span> <span class='ocrx_word' id='word_1_24' title='bbox 770 745 990 795; x_wconf 86' lang='lat' dir='ltr'>biberunt,</span> <span class='ocrx_word' id='word_1_25' title='bbox 1015 744 1225 799; x_wconf 82' lang='lat' dir='ltr'>riserunt,</span> <span class='ocrx_word' id='word_1_26' title='bbox 1247 743 1558 803; x_wconf 83' lang='lat' dir='ltr'><strong>duxeruntque</strong></span> <span class='ocrx_word' id='word_1_27' title='bbox 1578 746 1623 788; x_wconf 90' lang='lat' dir='ltr'>in</span> <span class='ocrx_word' id='word_1_28' title='bbox 1648 747 1776 790; x_wconf 90' lang='lat' dir='ltr'>bonis</span> <span class='ocrx_word' id='word_1_29' title='bbox 1797 747 1888 790; x_wconf 90' lang='lat' dir='ltr'>dies</span> 
     </span>
     <span class='ocr_line' id='line_1_6' title="bbox 361 815 1889 875; baseline 0.002 -17"><span class='ocrx_word' id='word_1_30' title='bbox 361 832 479 868; x_wconf 87' lang='lat' dir='ltr'>suos,</span> <span class='ocrx_word' id='word_1_31' title='bbox 511 826 553 858; x_wconf 91' lang='lat' dir='ltr'>et</span> <span class='ocrx_word' id='word_1_32' title='bbox 585 816 627 858; x_wconf 90' lang='lat' dir='ltr'>in</span> <span class='ocrx_word' id='word_1_33' title='bbox 656 826 819 875; x_wconf 89' lang='lat' dir='ltr'>puncto</span> <span class='ocrx_word' id='word_1_34' title='bbox 840 815 892 857; x_wconf 84' lang='lat' dir='ltr'>ad</span> <span class='ocrx_word' id='word_1_35' title='bbox 919 815 1087 857; x_wconf 86' lang='lat' dir='ltr'>inferna</span> <span class='ocrx_word' id='word_1_36' title='bbox 1116 815 1450 859; x_wconf 88' lang='lat' dir='ltr'>descenderunt.</span> <span class='ocrx_word' id='word_1_37' title='bbox 1486 817 1597 860; x_wconf 90' lang='lat' dir='ltr'>Caro</span> <span class='ocrx_word' id='word_1_38' title='bbox 1624 834 1774 860; x_wconf 88' lang='lat' dir='ltr'>eorum</span> <span class='ocrx_word' id='word_1_39' title='bbox 1798 836 1889 862; x_wconf 90' lang='lat' dir='ltr'>ver-</span> 
     </span>
     <span class='ocr_line' id='line_1_7' title="bbox 361 886 1886 949; baseline 0.003 -20"><span class='ocrx_word' id='word_1_40' title='bbox 361 887 522 940; x_wconf 87' lang='lat' dir='ltr'>mibus,</span> <span class='ocrx_word' id='word_1_41' title='bbox 552 897 595 929; x_wconf 88' lang='lat' dir='ltr'>et</span> <span class='ocrx_word' id='word_1_42' title='bbox 622 887 764 929; x_wconf 87' lang='lat' dir='ltr'>anima</span> <span class='ocrx_word' id='word_1_43' title='bbox 786 886 1023 945; x_wconf 84' lang='lat' dir='ltr'>cujuslibet</span> <span class='ocrx_word' id='word_1_44' title='bbox 1044 902 1196 928; x_wconf 88' lang='lat' dir='ltr'>eorum</span> <span class='ocrx_word' id='word_1_45' title='bbox 1224 886 1401 945; x_wconf 85' lang='lat' dir='ltr'>ignibus</span> <span class='ocrx_word' id='word_1_46' title='bbox 1428 887 1717 932; x_wconf 85' lang='lat' dir='ltr'>infernalibus</span> <span class='ocrx_word' id='word_1_47' title='bbox 1748 889 1886 949; x_wconf 92' lang='lat' dir='ltr'>depu-</span> 
     </span>
     <span class='ocr_line' id='line_1_8' title="bbox 360 957 1885 1016; baseline 0.003 -16"><span class='ocrx_word' id='word_1_48' title='bbox 360 969 492 1010; x_wconf 88' lang='lat' dir='ltr'>tatur,</span> <span class='ocrx_word' id='word_1_49' title='bbox 516 958 654 1000; x_wconf 91' lang='lat' dir='ltr'>donec</span> <span class='ocrx_word' id='word_1_50' title='bbox 675 974 825 1001; x_wconf 89' lang='lat' dir='ltr'>rursus</span> <span class='ocrx_word' id='word_1_51' title='bbox 855 957 1020 1000; x_wconf 86' lang='lat' dir='ltr'>infelici</span> <span class='ocrx_word' id='word_1_52' title='bbox 1051 957 1232 1016; x_wconf 85' lang='lat' dir='ltr'>collegio</span> <span class='ocrx_word' id='word_1_53' title='bbox 1264 957 1477 1011; x_wconf 83' lang='lat' dir='ltr'>collocati,</span> <span class='ocrx_word' id='word_1_54' title='bbox 1514 960 1793 1004; x_wconf 86' lang='lat' dir='ltr'>involvantur</span> <span class='ocrx_word' id='word_1_55' title='bbox 1824 962 1885 1004; x_wconf 92' lang='lat' dir='ltr'>in-</span> 
     </span>
     <span class='ocr_line' id='line_1_9' title="bbox 359 1029 1885 1088; baseline 0.003 -17"><span class='ocrx_word' id='word_1_56' title='bbox 359 1029 524 1072; x_wconf 89' lang='lat' dir='ltr'>cendiis</span> <span class='ocrx_word' id='word_1_57' title='bbox 552 1029 841 1088; x_wconf 80' lang='lat' dir='ltr'>sempiternis.</span> <span class='ocrx_word' id='word_1_58' title='bbox 869 1029 957 1083; x_wconf 88' lang='lat' dir='ltr'>Qui</span> <span class='ocrx_word' id='word_1_59' title='bbox 980 1029 1084 1071; x_wconf 91' lang='lat' dir='ltr'>socii</span> <span class='ocrx_word' id='word_1_60' title='bbox 1104 1029 1283 1071; x_wconf 89' lang='lat' dir='ltr'>fuerunt</span> <span class='ocrx_word' id='word_1_61' title='bbox 1310 1030 1354 1071; x_wconf 90' lang='lat' dir='ltr'>in</span> <span class='ocrx_word' id='word_1_62' title='bbox 1377 1030 1511 1082; x_wconf 85' lang='lat' dir='ltr'>viciis,</span> <span class='ocrx_word' id='word_1_63' title='bbox 1546 1031 1648 1073; x_wconf 89' lang='lat' dir='ltr'>socii</span> <span class='ocrx_word' id='word_1_64' title='bbox 1682 1043 1811 1075; x_wconf 87' lang='lat' dir='ltr'>erunt</span> <span class='ocrx_word' id='word_1_65' title='bbox 1841 1033 1885 1075; x_wconf 94' lang='lat' dir='ltr'>in</span> 
     </span>
     <span class='ocr_line' id='line_1_10' title="bbox 361 1100 1887 1160; baseline 0.003 -18"><span class='ocrx_word' id='word_1_66' title='bbox 361 1101 499 1159; x_wconf 91' lang='lat' dir='ltr'>penis,</span> <span class='ocrx_word' id='word_1_67' title='bbox 525 1116 610 1142; x_wconf 91' lang='lat' dir='ltr'>una</span> <span class='ocrx_word' id='word_1_68' title='bbox 630 1116 818 1160; x_wconf 91' lang='lat' dir='ltr'>namque</span> <span class='ocrx_word' id='word_1_69' title='bbox 839 1116 948 1159; x_wconf 89' lang='lat' dir='ltr'>pena</span> <span class='ocrx_word' id='word_1_70' title='bbox 969 1100 1179 1159; x_wconf 87' lang='lat' dir='ltr'>implicat,</span> <span class='ocrx_word' id='word_1_71' title='bbox 1204 1117 1313 1158; x_wconf 89' lang='lat' dir='ltr'>quos</span> <span class='ocrx_word' id='word_1_72' title='bbox 1342 1117 1456 1143; x_wconf 90' lang='lat' dir='ltr'>unus</span> <span class='ocrx_word' id='word_1_73' title='bbox 1477 1117 1600 1144; x_wconf 88' lang='lat' dir='ltr'>amor</span> <span class='ocrx_word' id='word_1_74' title='bbox 1625 1102 1670 1145; x_wconf 91' lang='lat' dir='ltr'>in</span> <span class='ocrx_word' id='word_1_75' title='bbox 1703 1104 1887 1147; x_wconf 91' lang='lat' dir='ltr'>crimine</span> 
     </span>
     <span class='ocr_line' id='line_1_11' title="bbox 358 1172 1880 1233; baseline 0.003 -19"><span class='ocrx_word' id='word_1_76' title='bbox 358 1172 478 1230; x_wconf 85' lang='lat' dir='ltr'>ligat.</span> <span class='ocrx_word' id='word_1_77' title='bbox 508 1172 596 1214; x_wconf 94' lang='lat' dir='ltr'>Nec</span> <span class='ocrx_word' id='word_1_78' title='bbox 623 1172 801 1224; x_wconf 88' lang='lat' dir='ltr'>mirum,</span> <span class='ocrx_word' id='word_1_79' title='bbox 826 1172 927 1230; x_wconf 91' lang='lat' dir='ltr'>quia</span> <span class='ocrx_word' id='word_1_80' title='bbox 955 1172 1054 1230; x_wconf 90' lang='lat' dir='ltr'>plus</span> <span class='ocrx_word' id='word_1_81' title='bbox 1075 1172 1324 1214; x_wconf 88' lang='lat' dir='ltr'>dilexerunt</span> <span class='ocrx_word' id='word_1_82' title='bbox 1340 1172 1555 1215; x_wconf 91' lang='lat' dir='ltr'>mundum</span> <span class='ocrx_word' id='word_1_83' title='bbox 1573 1190 1702 1233; x_wconf 89' lang='lat' dir='ltr'>quam</span> <span class='ocrx_word' id='word_1_84' title='bbox 1720 1176 1880 1219; x_wconf 88' lang='lat' dir='ltr'>Deum.</span> 
     </span>
     <span class='ocr_line' id='line_1_12' title="bbox 358 1243 1880 1303; baseline 0.002 -18"><span class='ocrx_word' id='word_1_85' title='bbox 358 1243 486 1285; x_wconf 94' lang='lat' dir='ltr'>Unde</span> <span class='ocrx_word' id='word_1_86' title='bbox 511 1244 598 1286; x_wconf 77' lang='lat' dir='ltr'>JaC.</span> <span class='ocrx_word' id='word_1_87' title='bbox 632 1243 677 1300; x_wconf 84' lang='lat' dir='ltr'>iij</span> <span class='ocrx_word' id='word_1_88' title='bbox 704 1259 711 1285; x_wconf 95' lang='lat'>:</span> <span class='ocrx_word' id='word_1_89' title='bbox 746 1244 1002 1302; x_wconf 76' lang='lat' dir='ltr'>Quicunque</span> <span class='ocrx_word' id='word_1_90' title='bbox 1027 1244 1208 1286; x_wconf 77' lang='lat' dir='ltr'>voluerit</span> <span class='ocrx_word' id='word_1_91' title='bbox 1240 1259 1329 1285; x_wconf 89' lang='lat' dir='ltr'>esse</span> <span class='ocrx_word' id='word_1_92' title='bbox 1365 1247 1531 1286; x_wconf 86' lang='lat' dir='ltr'>amicus</span> <span class='ocrx_word' id='word_1_93' title='bbox 1571 1245 1700 1303; x_wconf 78' lang='lat' dir='ltr'>hujus</span> <span class='ocrx_word' id='word_1_94' title='bbox 1733 1247 1880 1299; x_wconf 84' lang='lat' dir='ltr'>seculi,</span> 
     </span>
     <span class='ocr_line' id='line_1_13' title="bbox 356 1315 1884 1374; baseline 0.003 -18"><span class='ocrx_word' id='word_1_95' title='bbox 356 1317 630 1357; x_wconf 78' lang='lat' dir='ltr'>constituitur</span> <span class='ocrx_word' id='word_1_96' title='bbox 656 1317 855 1357; x_wconf 86' lang='lat' dir='ltr'>inimicus</span> <span class='ocrx_word' id='word_1_97' title='bbox 887 1316 983 1368; x_wconf 79' lang='lat' dir='ltr'>Dei,</span> <span class='ocrx_word' id='word_1_98' title='bbox 1015 1321 1118 1374; x_wconf 86' lang='lat' dir='ltr'>quia</span> <span class='ocrx_word' id='word_1_99' title='bbox 1153 1318 1353 1357; x_wconf 80' lang='lat' dir='ltr'><em>amicicia</em></span> <span class='ocrx_word' id='word_1_100' title='bbox 1386 1315 1688 1374; x_wconf 78' lang='lat' dir='ltr'>hujusmundi</span> <span class='ocrx_word' id='word_1_101' title='bbox 1714 1327 1776 1360; x_wconf 90' lang='lat' dir='ltr'>est</span> <span class='ocrx_word' id='word_1_102' title='bbox 1806 1321 1884 1360; x_wconf 87' lang='lat' dir='ltr'>ini-</span> 
     </span>
     <span class='ocr_line' id='line_1_14' title="bbox 356 1386 1885 1445; baseline 0.002 -17"><span class='ocrx_word' id='word_1_103' title='bbox 356 1389 469 1429; x_wconf 90' lang='lat' dir='ltr'>mica</span> <span class='ocrx_word' id='word_1_104' title='bbox 494 1387 632 1429; x_wconf 59' lang='lat' dir='ltr'>Deoa.</span> <span class='ocrx_word' id='word_1_105' title='bbox 671 1386 791 1440; x_wconf 89' lang='lat' dir='ltr'>Quid</span> <span class='ocrx_word' id='word_1_106' title='bbox 819 1402 921 1445; x_wconf 86' lang='lat' dir='ltr'>ergo</span> <span class='ocrx_word' id='word_1_107' title='bbox 942 1386 1109 1445; x_wconf 81' lang='lat' dir='ltr'>profuit</span> <span class='ocrx_word' id='word_1_108' title='bbox 1130 1386 1216 1428; x_wconf 88' lang='lat' dir='ltr'>illis</span> <span class='ocrx_word' id='word_1_109' title='bbox 1243 1387 1386 1428; x_wconf 87' lang='lat' dir='ltr'>inanis</span> <span class='ocrx_word' id='word_1_110' title='bbox 1410 1387 1572 1445; x_wconf 81' lang='lat' dir='ltr'>gloria?</span> <span class='ocrx_word' id='word_1_111' title='bbox 1615 1388 1757 1430; x_wconf 90' lang='lat' dir='ltr'>Brevis</span> <span class='ocrx_word' id='word_1_112' title='bbox 1793 1388 1885 1431; x_wconf 81' lang='lat' dir='ltr'>leti-</span> 
     </span>
     <span class='ocr_line' id='line_1_15' title="bbox 355 1456 1882 1518; baseline 0.003 -20"><span class='ocrx_word' id='word_1_113' title='bbox 355 1457 435 1510; x_wconf 87' lang='lat' dir='ltr'>cia,</span> <span class='ocrx_word' id='word_1_114' title='bbox 462 1456 616 1499; x_wconf 87' lang='lat' dir='ltr'>mundi</span> <span class='ocrx_word' id='word_1_115' title='bbox 638 1473 815 1516; x_wconf 88' lang='lat' dir='ltr'>pompa,</span> <span class='ocrx_word' id='word_1_116' title='bbox 846 1458 987 1500; x_wconf 88' lang='lat' dir='ltr'>carnis</span> <span class='ocrx_word' id='word_1_117' title='bbox 1008 1457 1224 1516; x_wconf 86' lang='lat' dir='ltr'>voluptas,</span> <span class='ocrx_word' id='word_1_118' title='bbox 1250 1457 1355 1500; x_wconf 89' lang='lat' dir='ltr'>false</span> <span class='ocrx_word' id='word_1_119' title='bbox 1377 1458 1546 1511; x_wconf 89' lang='lat' dir='ltr'>divicie‚</span> <span class='ocrx_word' id='word_1_120' title='bbox 1578 1475 1732 1518; x_wconf 88' lang='lat' dir='ltr'>magna</span> <span class='ocrx_word' id='word_1_121' title='bbox 1763 1459 1882 1502; x_wconf 89' lang='lat' dir='ltr'>fami-</span> 
     </span>
     <span class='ocr_line' id='line_1_16' title="bbox 356 1528 1882 1589; baseline 0.001 -18"><span class='ocrx_word' id='word_1_122' title='bbox 356 1528 427 1582; x_wconf 85' lang='lat' dir='ltr'>lia,</span> <span class='ocrx_word' id='word_1_123' title='bbox 450 1539 492 1571; x_wconf 94' lang='lat' dir='ltr'>et</span> <span class='ocrx_word' id='word_1_124' title='bbox 515 1545 669 1588; x_wconf 85' lang='lat' dir='ltr'>magna</span> <span class='ocrx_word' id='word_1_125' title='bbox 691 1529 1081 1588; x_wconf 78' lang='lat' dir='ltr'>concupiscencia?</span> <span class='ocrx_word' id='word_1_126' title='bbox 1106 1530 1192 1571; x_wconf 92' lang='lat' dir='ltr'>Ubi</span> <span class='ocrx_word' id='word_1_127' title='bbox 1221 1529 1351 1571; x_wconf 89' lang='lat' dir='ltr'>modo</span> <span class='ocrx_word' id='word_1_128' title='bbox 1371 1530 1501 1581; x_wconf 82' lang='lat' dir='ltr'>risus,</span> <span class='ocrx_word' id='word_1_129' title='bbox 1525 1530 1603 1572; x_wconf 92' lang='lat' dir='ltr'>ubi</span> <span class='ocrx_word' id='word_1_130' title='bbox 1631 1546 1784 1589; x_wconf 86' lang='lat' dir='ltr'>magna</span> <span class='ocrx_word' id='word_1_131' title='bbox 1798 1533 1882 1589; x_wconf 74' lang='lat' dir='ltr'>Jac-</span> 
     </span>
     <span class='ocr_line' id='line_1_17' title="bbox 356 1600 1885 1660; baseline 0.002 -18"><span class='ocrx_word' id='word_1_132' title='bbox 356 1600 514 1653; x_wconf 80' lang='lat' dir='ltr'>tancia,</span> <span class='ocrx_word' id='word_1_133' title='bbox 537 1601 614 1643; x_wconf 91' lang='lat' dir='ltr'>ubi</span> <span class='ocrx_word' id='word_1_134' title='bbox 635 1601 913 1659; x_wconf 78' lang='lat' dir='ltr'>arrogancia?</span> <span class='ocrx_word' id='word_1_135' title='bbox 947 1602 1014 1644; x_wconf 94' lang='lat' dir='ltr'>De</span> <span class='ocrx_word' id='word_1_136' title='bbox 1049 1611 1169 1643; x_wconf 87' lang='lat' dir='ltr'>tanta</span> <span class='ocrx_word' id='word_1_137' title='bbox 1196 1601 1354 1654; x_wconf 84' lang='lat' dir='ltr'>leticia,</span> <span class='ocrx_word' id='word_1_138' title='bbox 1391 1612 1509 1643; x_wconf 85' lang='lat' dir='ltr'>tanta</span> <span class='ocrx_word' id='word_1_139' title='bbox 1544 1602 1746 1655; x_wconf 81' lang='lat' dir='ltr'>tristicia3</span> <span class='ocrx_word' id='word_1_140' title='bbox 1785 1613 1885 1660; x_wconf 92' lang='lat' dir='ltr'>post</span> 
     </span>
     <span class='ocr_line' id='line_1_18' title="bbox 356 1671 1884 1731; baseline 0.002 -18"><span class='ocrx_word' id='word_1_141' title='bbox 356 1682 521 1713; x_wconf 83' lang='lat' dir='ltr'>tantam</span> <span class='ocrx_word' id='word_1_142' title='bbox 555 1671 839 1731; x_wconf 85' lang='lat' dir='ltr'>voluptatem,</span> <span class='ocrx_word' id='word_1_143' title='bbox 877 1683 963 1715; x_wconf 86' lang='lat' dir='ltr'>tam</span> <span class='ocrx_word' id='word_1_144' title='bbox 1003 1672 1144 1731; x_wconf 85' lang='lat' dir='ltr'>gravis</span> <span class='ocrx_word' id='word_1_145' title='bbox 1181 1672 1378 1725; x_wconf 79' lang='lat' dir='ltr'>miseria3</span> <span class='ocrx_word' id='word_1_146' title='bbox 1421 1672 1474 1714; x_wconf 91' lang='lat' dir='ltr'>de</span> <span class='ocrx_word' id='word_1_147' title='bbox 1513 1672 1585 1715; x_wconf 94' lang='lat' dir='ltr'>illa</span> <span class='ocrx_word' id='word_1_148' title='bbox 1613 1673 1884 1716; x_wconf 86' lang='lat' dir='ltr'>exultacione</span> 
     </span>
     <span class='ocr_line' id='line_1_19' title="bbox 353 1733 1878 1803; baseline 0.002 -19"><span class='ocrx_word' id='word_1_149' title='bbox 353 1742 604 1786; x_wconf 87' lang='lat' dir='ltr'>ceciderunt</span> <span class='ocrx_word' id='word_1_150' title='bbox 639 1743 684 1786; x_wconf 90' lang='lat' dir='ltr'>in</span> <span class='ocrx_word' id='word_1_151' title='bbox 725 1759 925 1802; x_wconf 86' lang='lat' dir='ltr'>magnam</span> <span class='ocrx_word' id='word_1_152' title='bbox 966 1733 1157 1797; x_wconf 80' lang='lat' dir='ltr'>ruinam,</span> <span class='ocrx_word' id='word_1_153' title='bbox 1199 1754 1242 1786; x_wconf 91' lang='lat' dir='ltr'>et</span> <span class='ocrx_word' id='word_1_154' title='bbox 1282 1759 1434 1802; x_wconf 87' lang='lat' dir='ltr'>magna</span> <span class='ocrx_word' id='word_1_155' title='bbox 1468 1755 1700 1787; x_wconf 83' lang='lat' dir='ltr'>tormenta.</span> <span class='ocrx_word' id='word_1_156' title='bbox 1741 1745 1878 1803; x_wconf 90' lang='lat' dir='ltr'>Apoc.</span> 
     </span>
     <span class='ocr_line' id='line_1_20' title="bbox 352 1813 1880 1875; baseline 0.002 -19"><span class='ocrx_word' id='word_1_157' title='bbox 352 1813 455 1872; x_wconf 86' lang='lat' dir='ltr'>xviij</span> <span class='ocrx_word' id='word_1_158' title='bbox 484 1830 492 1856; x_wconf 95' lang='lat'><strong>:</strong></span> <span class='ocrx_word' id='word_1_159' title='bbox 526 1815 744 1872; x_wconf 78' lang='lat' dir='ltr'>Quantum</span> <span class='ocrx_word' id='word_1_160' title='bbox 760 1815 1029 1874; x_wconf 80' lang='lat' dir='ltr'>glorificavit</span> <span class='ocrx_word' id='word_1_161' title='bbox 1053 1831 1099 1857; x_wconf 88' lang='lat' dir='ltr'>se</span> <span class='ocrx_word' id='word_1_162' title='bbox 1110 1825 1318 1873; x_wconf 86' lang='lat' dir='ltr'>peccator</span> <span class='ocrx_word' id='word_1_163' title='bbox 1338 1818 1442 1857; x_wconf 89' lang='lat' dir='ltr'>etin</span> <span class='ocrx_word' id='word_1_164' title='bbox 1469 1816 1635 1858; x_wconf 88' lang='lat' dir='ltr'>deliciis</span> <span class='ocrx_word' id='word_1_165' title='bbox 1656 1817 1760 1875; x_wconf 81' lang='lat' dir='ltr'>suit,</span> <span class='ocrx_word' id='word_1_166' title='bbox 1790 1825 1880 1859; x_wconf 89' lang='lat' dir='ltr'>tan-</span> 
     </span>
     <span class='ocr_line' id='line_1_21' title="bbox 354 1884 1880 1945; baseline 0.002 -19"><span class='ocrx_word' id='word_1_167' title='bbox 354 1894 442 1927; x_wconf 87' lang='lat' dir='ltr'>tum</span> <span class='ocrx_word' id='word_1_168' title='bbox 462 1885 564 1928; x_wconf 88' lang='lat' dir='ltr'>date</span> <span class='ocrx_word' id='word_1_169' title='bbox 590 1889 631 1928; x_wconf 89' lang='lat' dir='ltr'>ei</span> <span class='ocrx_word' id='word_1_170' title='bbox 650 1895 909 1929; x_wconf 86' lang='lat' dir='ltr'>tormentum</span> <span class='ocrx_word' id='word_1_171' title='bbox 933 1896 974 1928; x_wconf 88' lang='lat' dir='ltr'>et</span> <span class='ocrx_word' id='word_1_172' title='bbox 996 1884 1198 1929; x_wconf 67' lang='lat' dir='ltr'>luetumb.</span> <span class='ocrx_word' id='word_1_173' title='bbox 1226 1886 1450 1945; x_wconf 87' lang='lat' dir='ltr'>Quicquid</span> <span class='ocrx_word' id='word_1_174' title='bbox 1477 1886 1563 1929; x_wconf 90' lang='lat' dir='ltr'>illis</span> <span class='ocrx_word' id='word_1_175' title='bbox 1593 1886 1762 1938; x_wconf 91' lang='lat' dir='ltr'>accidit,</span> <span class='ocrx_word' id='word_1_176' title='bbox 1799 1886 1880 1929; x_wconf 90' lang='lat' dir='ltr'>tibi</span> 
     </span>
     <span class='ocr_line' id='line_1_22' title="bbox 351 1956 1875 2016; baseline 0.001 -18"><span class='ocrx_word' id='word_1_177' title='bbox 351 1956 544 1998; x_wconf 89' lang='lat' dir='ltr'>accidere</span> <span class='ocrx_word' id='word_1_178' title='bbox 565 1967 708 2015; x_wconf 86' lang='lat' dir='ltr'>potest</span> <span class='ocrx_word' id='word_1_179' title='bbox 727 1958 829 2016; x_wconf 88' lang='lat' dir='ltr'>quia</span> <span class='ocrx_word' id='word_1_180' title='bbox 853 1957 984 1999; x_wconf 90' lang='lat' dir='ltr'>homo</span> <span class='ocrx_word' id='word_1_181' title='bbox 1008 1973 1068 2009; x_wconf 90' lang='lat' dir='ltr'>es,</span> <span class='ocrx_word' id='word_1_182' title='bbox 1099 1957 1230 2000; x_wconf 88' lang='lat' dir='ltr'>homo</span> <span class='ocrx_word' id='word_1_183' title='bbox 1260 1957 1314 1999; x_wconf 91' lang='lat' dir='ltr'>de</span> <span class='ocrx_word' id='word_1_184' title='bbox 1348 1957 1496 2006; x_wconf 88' lang='lat' dir='ltr'>humo,</span> <span class='ocrx_word' id='word_1_185' title='bbox 1522 1957 1653 2000; x_wconf 88' lang='lat' dir='ltr'>limus</span> <span class='ocrx_word' id='word_1_186' title='bbox 1675 1958 1728 2000; x_wconf 87' lang='lat' dir='ltr'>de</span> <span class='ocrx_word' id='word_1_187' title='bbox 1753 1957 1875 2010; x_wconf 90' lang='lat' dir='ltr'>limo,</span> 
     </span>
     <span class='ocr_line' id='line_1_23' title="bbox 352 2027 1879 2083; baseline 0.001 -14"><span class='ocrx_word' id='word_1_188' title='bbox 352 2027 405 2069; x_wconf 93' lang='lat' dir='ltr'>de</span> <span class='ocrx_word' id='word_1_189' title='bbox 432 2038 544 2070; x_wconf 84' lang='lat' dir='ltr'>terra</span> <span class='ocrx_word' id='word_1_190' title='bbox 571 2043 632 2081; x_wconf 93' lang='lat' dir='ltr'>es,</span> <span class='ocrx_word' id='word_1_191' title='bbox 656 2028 709 2070; x_wconf 91' lang='lat' dir='ltr'>de</span> <span class='ocrx_word' id='word_1_192' title='bbox 736 2039 848 2070; x_wconf 85' lang='lat' dir='ltr'>terra</span> <span class='ocrx_word' id='word_1_193' title='bbox 874 2029 997 2079; x_wconf 89' lang='lat' dir='ltr'>vivis,</span> <span class='ocrx_word' id='word_1_194' title='bbox 1030 2039 1072 2071; x_wconf 89' lang='lat' dir='ltr'>et</span> <span class='ocrx_word' id='word_1_195' title='bbox 1098 2029 1143 2070; x_wconf 92' lang='lat' dir='ltr'>in</span> <span class='ocrx_word' id='word_1_196' title='bbox 1184 2039 1341 2071; x_wconf 87' lang='lat' dir='ltr'>terram</span> <span class='ocrx_word' id='word_1_197' title='bbox 1379 2029 1620 2072; x_wconf 87' lang='lat' dir='ltr'>reverteris.</span> <span class='ocrx_word' id='word_1_198' title='bbox 1661 2028 1879 2083; x_wconf 88' lang='lat' dir='ltr'>Quando¹</span> 
     </span>
     <span class='ocr_line' id='line_1_24' title="bbox 350 2098 1874 2158; baseline 0.003 -18"><span class='ocrx_word' id='word_1_199' title='bbox 350 2098 495 2141; x_wconf 86' lang='lat' dir='ltr'>veniet</span> <span class='ocrx_word' id='word_1_200' title='bbox 529 2098 622 2141; x_wconf 86' lang='lat' dir='ltr'>dies</span> <span class='ocrx_word' id='word_1_201' title='bbox 660 2099 813 2141; x_wconf 90' lang='lat' dir='ltr'>ultima</span> <span class='ocrx_word' id='word_1_202' title='bbox 848 2115 933 2158; x_wconf 89' lang='lat' dir='ltr'>que</span> <span class='ocrx_word' id='word_1_203' title='bbox 966 2100 1112 2142; x_wconf 87' lang='lat' dir='ltr'>subito</span> <span class='ocrx_word' id='word_1_204' title='bbox 1150 2100 1283 2151; x_wconf 87' lang='lat' dir='ltr'>venit,</span> <span class='ocrx_word' id='word_1_205' title='bbox 1327 2110 1369 2142; x_wconf 88' lang='lat' dir='ltr'>et</span> <span class='ocrx_word' id='word_1_206' title='bbox 1403 2099 1583 2143; x_wconf 84' lang='lat' dir='ltr'>forsitan</span> <span class='ocrx_word' id='word_1_207' title='bbox 1614 2100 1744 2142; x_wconf 91' lang='lat' dir='ltr'>hodie</span> <span class='ocrx_word' id='word_1_208' title='bbox 1777 2100 1874 2145; x_wconf 88' lang='lat' dir='ltr'>erit.</span> 
     </span>
     <span class='ocr_line' id='line_1_25' title="bbox 352 2170 1879 2230; baseline 0.001 -19"><span class='ocrx_word' id='word_1_209' title='bbox 352 2170 531 2212; x_wconf 88' lang='lat' dir='ltr'>Certum</span> <span class='ocrx_word' id='word_1_210' title='bbox 561 2180 639 2222; x_wconf 91' lang='lat' dir='ltr'>est,</span> <span class='ocrx_word' id='word_1_211' title='bbox 673 2170 791 2228; x_wconf 91' lang='lat' dir='ltr'>quod</span> <span class='ocrx_word' id='word_1_212' title='bbox 820 2171 1032 2224; x_wconf 86' lang='lat' dir='ltr'>morieris,</span> <span class='ocrx_word' id='word_1_213' title='bbox 1068 2170 1143 2213; x_wconf 92' lang='lat' dir='ltr'>sed</span> <span class='ocrx_word' id='word_1_214' title='bbox 1175 2171 1390 2214; x_wconf 89' lang='lat' dir='ltr'>incertum</span> <span class='ocrx_word' id='word_1_215' title='bbox 1430 2182 1495 2214; x_wconf 92' lang='lat' dir='ltr'>est</span> <span class='ocrx_word' id='word_1_216' title='bbox 1528 2171 1766 2230; x_wconf 92' lang='lat' dir='ltr'>quomodo,</span> <span class='ocrx_word' id='word_1_217' title='bbox 1802 2182 1879 2214; x_wconf 90' lang='lat' dir='ltr'>aut</span> 
     </span>
     <span class='ocr_line' id='line_1_26' title="bbox 350 2240 1876 2301; baseline 0.001 -19"><span class='ocrx_word' id='word_1_218' title='bbox 350 2240 545 2299; x_wconf 84' lang='lat' dir='ltr'>quandO,</span> <span class='ocrx_word' id='word_1_219' title='bbox 594 2241 658 2284; x_wconf 92' lang='lat' dir='ltr'>vel</span> <span class='ocrx_word' id='word_1_220' title='bbox 705 2241 797 2294; x_wconf 91' lang='lat' dir='ltr'>ubi,</span> <span class='ocrx_word' id='word_1_221' title='bbox 845 2242 1055 2300; x_wconf 87' lang='lat' dir='ltr'>quoniam</span> <span class='ocrx_word' id='word_1_222' title='bbox 1106 2242 1273 2301; x_wconf 89' lang='lat' dir='ltr'>ubique</span> <span class='ocrx_word' id='word_1_223' title='bbox 1312 2258 1429 2285; x_wconf 91' lang='lat' dir='ltr'>mors</span> <span class='ocrx_word' id='word_1_224' title='bbox 1468 2253 1509 2284; x_wconf 90' lang='lat' dir='ltr'>te</span> <span class='ocrx_word' id='word_1_225' title='bbox 1546 2253 1758 2301; x_wconf 87' lang='lat' dir='ltr'>expectat.</span> <span class='ocrx_word' id='word_1_226' title='bbox 1806 2243 1876 2285; x_wconf 81' lang='lat' dir='ltr'>&#39;I&#39;u</span> 
     </span>
     <span class='ocr_line' id='line_1_27' title="bbox 351 2301 1876 2372; baseline 0.001 -18"><span class='ocrx_word' id='word_1_227' title='bbox 351 2301 528 2370; x_wconf 73' lang='lat' dir='ltr'>quoque</span> <span class='ocrx_word' id='word_1_228' title='bbox 555 2312 590 2354; x_wconf 93' lang='lat' dir='ltr'>si</span> <span class='ocrx_word' id='word_1_229' title='bbox 624 2313 795 2371; x_wconf 88' lang='lat' dir='ltr'>sapiens</span> <span class='ocrx_word' id='word_1_230' title='bbox 825 2312 1001 2366; x_wconf 76' lang='lat' dir='ltr'>fueris²,</span> <span class='ocrx_word' id='word_1_231' title='bbox 1038 2313 1202 2371; x_wconf 89' lang='lat' dir='ltr'>ubique</span> <span class='ocrx_word' id='word_1_232' title='bbox 1241 2329 1333 2355; x_wconf 89' lang='lat' dir='ltr'>eam</span> <span class='ocrx_word' id='word_1_233' title='bbox 1369 2313 1616 2372; x_wconf 86' lang='lat' dir='ltr'>expectabis</span> <span class='ocrx_word' id='word_1_234' title='bbox 1630 2313 1658 2357; x_wconf 87' lang='lat'>³.</span> <span class='ocrx_word' id='word_1_235' title='bbox 1694 2314 1750 2356; x_wconf 93' lang='lat' dir='ltr'>Et</span> <span class='ocrx_word' id='word_1_236' title='bbox 1780 2313 1876 2356; x_wconf 90' lang='lat' dir='ltr'>ideo</span> 
     </span>
     <span class='ocr_line' id='line_1_28' title="bbox 348 2382 1873 2443; baseline 0.001 -19"><span class='ocrx_word' id='word_1_237' title='bbox 348 2382 504 2425; x_wconf 87' lang='lat' dir='ltr'>divites</span> <span class='ocrx_word' id='word_1_238' title='bbox 526 2394 568 2426; x_wconf 88' lang='lat' dir='ltr'>et</span> <span class='ocrx_word' id='word_1_239' title='bbox 598 2394 811 2426; x_wconf 86' lang='lat' dir='ltr'>amatores</span> <span class='ocrx_word' id='word_1_240' title='bbox 842 2383 997 2427; x_wconf 90' lang='lat' dir='ltr'>mundi</span> <span class='ocrx_word' id='word_1_241' title='bbox 1023 2395 1207 2443; x_wconf 88' lang='lat' dir='ltr'>possunt</span> <span class='ocrx_word' id='word_1_242' title='bbox 1236 2384 1378 2426; x_wconf 90' lang='lat' dir='ltr'>dicere</span> <span class='ocrx_word' id='word_1_243' title='bbox 1398 2384 1509 2427; x_wconf 87' lang='lat' dir='ltr'>illud</span> <span class='ocrx_word' id='word_1_244' title='bbox 1532 2385 1633 2443; x_wconf 87' lang='lat' dir='ltr'>Sap.</span> <span class='ocrx_word' id='word_1_245' title='bbox 1658 2401 1682 2427; x_wconf 92' lang='lat' dir='ltr'>v</span> <span class='ocrx_word' id='word_1_246' title='bbox 1705 2400 1713 2427; x_wconf 73' lang='grc' dir='ltr'><strong><em>ε</em></strong></span> <span class='ocrx_word' id='word_1_247' title='bbox 1751 2386 1873 2430; x_wconf 90' lang='lat' dir='ltr'>Viam</span> 
     </span>
     <span class='ocr_line' id='line_1_29' title="bbox 348 2455 1879 2515; baseline 0.002 -20"><span class='ocrx_word' id='word_1_248' title='bbox 348 2455 525 2496; x_wconf 80' lang='lat' dir='ltr'>Domini</span> <span class='ocrx_word' id='word_1_249' title='bbox 542 2457 864 2512; x_wconf 70' lang='lat' dir='ltr'>ignoravimus!</span> <span class='ocrx_word' id='word_1_250' title='bbox 892 2456 1012 2513; x_wconf 82' lang='lat' dir='ltr'>Quid</span> <span class='ocrx_word' id='word_1_251' title='bbox 1034 2456 1158 2498; x_wconf 89' lang='lat' dir='ltr'>nobis</span> <span class='ocrx_word' id='word_1_252' title='bbox 1176 2457 1351 2515; x_wconf 81' lang='lat' dir='ltr'>profuit</span> <span class='ocrx_word' id='word_1_253' title='bbox 1379 2456 1585 2514; x_wconf 78' lang='lat' dir='ltr'>superbia</span> <span class='ocrx_word' id='word_1_254' title='bbox 1597 2457 1622 2498; x_wconf 71' lang='grc' dir='ltr'><em>Ρ</em></span> <span class='ocrx_word' id='word_1_255' title='bbox 1656 2465 1735 2498; x_wconf 88' lang='lat' dir='ltr'>aut</span> <span class='ocrx_word' id='word_1_256' title='bbox 1771 2457 1879 2515; x_wconf 87' lang='lat' dir='ltr'>quid</span> 
     </span>
     <span class='ocr_line' id='line_1_30' title="bbox 348 2526 1875 2584; baseline 0.002 -17"><span class='ocrx_word' id='word_1_257' title='bbox 348 2526 606 2568; x_wconf 73' lang='lat' dir='ltr'>diviciarum</span> <span class='ocrx_word' id='word_1_258' title='bbox 619 2528 849 2584; x_wconf 86' lang='lat' dir='ltr'>jactancia</span> <span class='ocrx_word' id='word_1_259' title='bbox 867 2527 1051 2569; x_wconf 87' lang='lat' dir='ltr'>contulit</span> <span class='ocrx_word' id='word_1_260' title='bbox 1069 2527 1189 2569; x_wconf 86' lang='lat' dir='ltr'>nobis</span> <span class='ocrx_word' id='word_1_261' title='bbox 1202 2529 1226 2569; x_wconf 70' lang='grc' dir='ltr'>,Ρ</span> <span class='ocrx_word' id='word_1_262' title='bbox 1251 2528 1287 2569; x_wconf 96' lang='lat' dir='ltr'><em>T</em></span> <span class='ocrx_word' id='word_1_263' title='bbox 1284 2530 1540 2570; x_wconf 85' lang='lat' dir='ltr'>ransierunt</span> <span class='ocrx_word' id='word_1_264' title='bbox 1559 2537 1703 2569; x_wconf 89' lang='lat' dir='ltr'>autem</span> <span class='ocrx_word' id='word_1_265' title='bbox 1728 2530 1875 2570; x_wconf 90' lang='lat' dir='ltr'>omnia</span> 
     </span>
     <span class='ocr_line' id='line_1_31' title="bbox 348 2595 1874 2657; baseline 0.003 -21"><span class='ocrx_word' id='word_1_266' title='bbox 348 2595 426 2637; x_wconf 85' lang='lat' dir='ltr'>illa</span> <span class='ocrx_word' id='word_1_267' title='bbox 452 2605 663 2655; x_wconf 86' lang='lat' dir='ltr'>tanquam</span> <span class='ocrx_word' id='word_1_268' title='bbox 686 2597 850 2650; x_wconf 81' lang='lat' dir='ltr'>umbra,</span> <span class='ocrx_word' id='word_1_269' title='bbox 881 2607 922 2640; x_wconf 78' lang='lat' dir='ltr'>et</span> <span class='ocrx_word' id='word_1_270' title='bbox 950 2607 1156 2657; x_wconf 85' lang='lat' dir='ltr'>tanquam</span> <span class='ocrx_word' id='word_1_271' title='bbox 1170 2614 1440 2657; x_wconf 84' lang='lat' dir='ltr'>precurrens</span> <span class='ocrx_word' id='word_1_272' title='bbox 1471 2601 1670 2652; x_wconf 84' lang='lat' dir='ltr'>nuncius,</span> <span class='ocrx_word' id='word_1_273' title='bbox 1704 2608 1747 2641; x_wconf 85' lang='lat' dir='ltr'>et</span> <span class='ocrx_word' id='word_1_274' title='bbox 1774 2607 1874 2641; x_wconf 84' lang='lat' dir='ltr'>tan-</span> 
     </span>
     <span class='ocr_line' id='line_1_32' title="bbox 348 2670 1875 2729; baseline 0.003 -21"><span class='ocrx_word' id='word_1_275' title='bbox 348 2682 476 2725; x_wconf 87' lang='lat' dir='ltr'>quam</span> <span class='ocrx_word' id='word_1_276' title='bbox 498 2670 623 2710; x_wconf 80' lang='lat' dir='ltr'>navis</span> <span class='ocrx_word' id='word_1_277' title='bbox 649 2683 728 2727; x_wconf 86' lang='lat' dir='ltr'>que</span> <span class='ocrx_word' id='word_1_278' title='bbox 748 2672 908 2711; x_wconf 84' lang='lat' dir='ltr'>transit</span> <span class='ocrx_word' id='word_1_279' title='bbox 923 2684 1010 2727; x_wconf 80' lang='lat' dir='ltr'>per</span> <span class='ocrx_word' id='word_1_280' title='bbox 1035 2685 1193 2728; x_wconf 87' lang='lat' dir='ltr'>aquam</span> <span class='ocrx_word' id='word_1_281' title='bbox 1227 2670 1440 2729; x_wconf 81' lang='lat' dir='ltr'>fluctuum</span> <span class='ocrx_word' id='word_1_282' title='bbox 1481 2686 1490 2711; x_wconf 76' lang='grc' dir='ltr'>ε</span> <span class='ocrx_word' id='word_1_283' title='bbox 1528 2672 1654 2728; x_wconf 84' lang='lat' dir='ltr'>cujus</span> <span class='ocrx_word' id='word_1_284' title='bbox 1688 2685 1776 2712; x_wconf 88' lang='lat' dir='ltr'>non</span> <span class='ocrx_word' id='word_1_285' title='bbox 1811 2680 1875 2713; x_wconf 87' lang='lat' dir='ltr'>est</span> 
     </span>
     <span class='ocr_line' id='line_1_33' title="bbox 347 2741 1872 2801; baseline 0.002 -20"><span class='ocrx_word' id='word_1_286' title='bbox 347 2741 571 2796; x_wconf 83' lang='lat' dir='ltr'>vestigium</span> <span class='ocrx_word' id='word_1_287' title='bbox 600 2742 806 2792; x_wconf 88' lang='lat' dir='ltr'>invenire,</span> <span class='ocrx_word' id='word_1_288' title='bbox 831 2750 909 2782; x_wconf 87' lang='lat' dir='ltr'>aut</span> <span class='ocrx_word' id='word_1_289' title='bbox 926 2746 1020 2784; x_wconf 81' lang='lat' dir='ltr'>avis</span> <span class='ocrx_word' id='word_1_290' title='bbox 1041 2757 1119 2800; x_wconf 87' lang='lat' dir='ltr'>que</span> <span class='ocrx_word' id='word_1_291' title='bbox 1139 2742 1386 2785; x_wconf 82' lang='lat' dir='ltr'>transvolat</span> <span class='ocrx_word' id='word_1_292' title='bbox 1411 2745 1455 2784; x_wconf 91' lang='lat' dir='ltr'>in</span> <span class='ocrx_word' id='word_1_293' title='bbox 1485 2756 1589 2784; x_wconf 86' lang='lat' dir='ltr'>aere</span> <span class='ocrx_word' id='word_1_294' title='bbox 1620 2744 1748 2801; x_wconf 84' lang='lat' dir='ltr'>cujus</span> <span class='ocrx_word' id='word_1_295' title='bbox 1773 2743 1872 2784; x_wconf 88' lang='lat' dir='ltr'>nul-</span> 
     </span>
     <span class='ocr_line' id='line_1_34' title="bbox 347 2808 1872 2869; baseline 0.003 -19"><span class='ocrx_word' id='word_1_296' title='bbox 347 2808 432 2851; x_wconf 90' lang='lat' dir='ltr'>lum</span> <span class='ocrx_word' id='word_1_297' title='bbox 463 2812 678 2852; x_wconf 84' lang='lat' dir='ltr'>invenitur</span> <span class='ocrx_word' id='word_1_298' title='bbox 704 2814 945 2869; x_wconf 79' lang='lat' dir='ltr'>vestigium.</span> <span class='ocrx_word' id='word_1_299' title='bbox 970 2812 1043 2854; x_wconf 89' lang='lat' dir='ltr'>Sic</span> <span class='ocrx_word' id='word_1_300' title='bbox 1071 2821 1112 2855; x_wconf 87' lang='lat' dir='ltr'>et</span> <span class='ocrx_word' id='word_1_301' title='bbox 1146 2828 1224 2854; x_wconf 88' lang='lat' dir='ltr'>nos</span> <span class='ocrx_word' id='word_1_302' title='bbox 1261 2818 1370 2866; x_wconf 84' lang='lat' dir='ltr'>nati,</span> <span class='ocrx_word' id='word_1_303' title='bbox 1404 2816 1606 2855; x_wconf 89' lang='lat' dir='ltr'>continuo</span> <span class='ocrx_word' id='word_1_304' title='bbox 1644 2813 1872 2856; x_wconf 76' lang='lat' dir='ltr'>desivimus</span> 
     </span>
     <span class='ocr_line' id='line_1_35' title="bbox 346 2883 1872 2942; baseline 0.003 -21"><span class='ocrx_word' id='word_1_305' title='bbox 346 2894 453 2934; x_wconf 83' lang='lat' dir='ltr'>esse,</span> <span class='ocrx_word' id='word_1_306' title='bbox 485 2889 526 2922; x_wconf 86' lang='lat' dir='ltr'>et</span> <span class='ocrx_word' id='word_1_307' title='bbox 546 2883 717 2924; x_wconf 87' lang='lat' dir='ltr'>virtutis</span> <span class='ocrx_word' id='word_1_308' title='bbox 738 2883 909 2941; x_wconf 85' lang='lat' dir='ltr'>quidem</span> <span class='ocrx_word' id='word_1_309' title='bbox 931 2885 1101 2942; x_wconf 79' lang='lat' dir='ltr'>signum</span> <span class='ocrx_word' id='word_1_310' title='bbox 1127 2884 1292 2926; x_wconf 90' lang='lat' dir='ltr'>nullum</span> <span class='ocrx_word' id='word_1_311' title='bbox 1323 2885 1536 2927; x_wconf 82' lang='lat' dir='ltr'>valuimus</span> <span class='ocrx_word' id='word_1_312' title='bbox 1559 2885 1796 2928; x_wconf 86' lang='lat' dir='ltr'>ostendere.</span> <span class='ocrx_word' id='word_1_313' title='bbox 1821 2884 1872 2926; x_wconf 90' lang='lat' dir='ltr'>In</span> 
     </span>
    </p>
   </div>
   <div class='ocr_carea' id='block_1_4' title="bbox 345 3021 1868 3103">
    <p class='ocr_par' dir='ltr' id='par_1_4' title="bbox 345 3021 1868 3103">
     <span class='ocr_line' id='line_1_36' title="bbox 345 3021 1868 3103; baseline 0.003 -45"><span class='ocrx_word' id='word_1_314' title='bbox 345 3021 474 3103; x_wconf 24' lang='lat' dir='ltr'>(3144ss</span> <span class='ocrx_word' id='word_1_315' title='bbox 495 3022 721 3102; x_wconf 59' lang='grc' dir='ltr'>ίὲυοηίιιω,</span> <span class='ocrx_word' id='word_1_316' title='bbox 754 3023 826 3065; x_wconf 88' lang='lat' dir='ltr'>Cl.,</span> <span class='ocrx_word' id='word_1_317' title='bbox 850 3024 896 3058; x_wconf 92' lang='lat' dir='ltr'>V.</span> <span class='ocrx_word' id='word_1_318' title='bbox 919 3026 962 3059; x_wconf 88' lang='lat' dir='ltr'>R.</span> <span class='ocrx_word' id='word_1_319' title='bbox 986 3046 1030 3051; x_wconf 97' lang='lat'><strong>—</strong></span> <span class='ocrx_word' id='word_1_320' title='bbox 1051 3026 1065 3048; x_wconf 81' lang='lat'>²</span> <span class='ocrx_word' id='word_1_321' title='bbox 1086 3037 1254 3071; x_wconf 87' lang='lat' dir='ltr'>saperes,</span> <span class='ocrx_word' id='word_1_322' title='bbox 1284 3025 1358 3067; x_wconf 85' lang='lat' dir='ltr'>Cl.‚</span> <span class='ocrx_word' id='word_1_323' title='bbox 1392 3026 1437 3060; x_wconf 91' lang='lat' dir='ltr'>V.</span> <span class='ocrx_word' id='word_1_324' title='bbox 1466 3026 1510 3061; x_wconf 86' lang='lat' dir='ltr'>R.</span> <span class='ocrx_word' id='word_1_325' title='bbox 1533 3047 1580 3054; x_wconf 92' lang='lat'>—</span> <span class='ocrx_word' id='word_1_326' title='bbox 1611 3026 1868 3074; x_wconf 76' lang='lat' dir='ltr'>³expectare8,</span> 
     </span>
    </p>
   </div>
   <div class='ocr_carea' id='block_1_5' title="bbox 393 3185 1582 3239">
    <p class='ocr_par' dir='ltr' id='par_1_5' title="bbox 393 3185 1582 3239">
     <span class='ocr_line' id='line_1_37' title="bbox 393 3185 1582 3239; baseline 0.007 -19"><span class='ocrx_word' id='word_1_327' title='bbox 393 3197 429 3220; x_wconf 92' lang='lat' dir='ltr'>a.</span> <span class='ocrx_word' id='word_1_328' title='bbox 458 3185 536 3222; x_wconf 87' lang='lat' dir='ltr'>Jac.</span> <span class='ocrx_word' id='word_1_329' title='bbox 559 3187 623 3230; x_wconf 92' lang='lat' dir='ltr'>1v,</span> <span class='ocrx_word' id='word_1_330' title='bbox 644 3191 677 3224; x_wconf 84' lang='lat'>4.</span> <span class='ocrx_word' id='word_1_331' title='bbox 700 3210 743 3218; x_wconf 94' lang='lat'><strong>—</strong></span> <span class='ocrx_word' id='word_1_332' title='bbox 767 3189 802 3225; x_wconf 83' lang='lat' dir='ltr'>b.</span> <span class='ocrx_word' id='word_1_333' title='bbox 824 3190 942 3239; x_wconf 90' lang='lat' dir='ltr'>Apoc.</span> <span class='ocrx_word' id='word_1_334' title='bbox 966 3191 1103 3235; x_wconf 89' lang='lat' dir='ltr'>XVIII,</span> <span class='ocrx_word' id='word_1_335' title='bbox 1126 3194 1158 3229; x_wconf 90' lang='lat'>7.</span> <span class='ocrx_word' id='word_1_336' title='bbox 1177 3211 1224 3219; x_wconf 91' lang='lat'><strong>—</strong></span> <span class='ocrx_word' id='word_1_337' title='bbox 1241 3203 1272 3226; x_wconf 86' lang='lat' dir='ltr'>c.</span> <span class='ocrx_word' id='word_1_338' title='bbox 1302 3191 1389 3238; x_wconf 88' lang='lat' dir='ltr'>Sap.</span> <span class='ocrx_word' id='word_1_339' title='bbox 1412 3190 1457 3232; x_wconf 88' lang='lat' dir='ltr'>V,</span> <span class='ocrx_word' id='word_1_340' title='bbox 1481 3193 1582 3228; x_wconf 88' lang='lat'>7-14.</span> 
     </span>
    </p>
   </div>
  </div>
 </body>
</html>
