2314 3736
999 332 1239 375 —139—

356 421 410 464 tis
453 410 540 466 mis
572 421 769 474 diversis,
808 433 850 464 et
887 422 1037 465 multis
1075 422 1365 466 creditoribus
1398 424 1499 476 tuis,
1541 439 1639 467 cum
1679 423 1886 467 omnibus

354 492 525 535 damnis
547 492 750 547 eorum²;
781 509 860 552 pro
887 509 937 536 eo
967 494 1086 552 quod
1119 494 1263 537 debita
1304 505 1377 537 tua
1411 511 1496 537 non
1526 494 1707 538 fuerunt
1737 494 1886 537 debito

355 573 551 622 tempore
586 564 822 623 persoluta.
862 564 908 607 Si
943 575 1089 607 autem
1130 581 1218 607 non
1255 564 1432 608 solveris
1470 565 1616 608 debita
1646 576 1736 617 tua,
1776 564 1885 607 forte

354 633 471 676 filius
509 645 611 677 tuus
645 651 724 694 pro
762 646 804 678 te
838 652 929 678 non
969 636 1132 690 solvet3
1165 638 1292 694 juxta
1331 636 1457 689 illud,
1495 635 1782 679 Ecclesiastici
1813 652 1880 678 ix:

352 705 516 747 Mortui
534 722 623 749 non
643 707 805 750 habent
826 708 948 750 ultra
968 708 1206 766 mercedem
1226 722 1238 749 .·
1264 714 1368 768 quia
1389 708 1595 752 oblivioni
1617 708 1784 750 tradita
1817 717 1883 750 est

354 779 561 820 memoria
583 793 733 821 eorum
754 782 784 821 ⁰.

795 1133 972 1176 CAPIT
982 1134 1143 1176 ULUM
1178 1134 1331 1177 SEXT
1341 1136 1439 1177 UM.

410 1345 525 1392 XII.
562 1347 600 1388 O
628 1345 819 1388 Domine
847 1345 905 1388 mi
937 1362 1027 1398 rex,
1066 1346 1234 1390 utinam
1255 1363 1426 1406 saperes
1455 1359 1497 1390 et
1528 1348 1791 1408 intelligeres
1829 1365 1878 1391 ac

354 1417 589 1461 novissima
635 1417 896 1476 provideres,
941 1418 1139 1476 SapereS,
1187 1418 1231 1460 id
1270 1430 1349 1471 est,
1393 1419 1545 1461 intime
1578 1420 1787 1478 cogitares
1826 1421 1881 1462 de

351 1488 475 1532 terris
496 1500 538 1531 et
557 1489 610 1531 de
633 1487 890 1530 tenementis
917 1488 1224 1531 defunctorum
1246 1489 1298 1531 ad
1327 1501 1368 1532 te
1394 1501 1435 1532 et
1465 1502 1631 1549 patrem
1654 1502 1780 1534 tuum
1807 1491 1878 1534 de-

350 1560 524 1612 volutis,
555 1570 598 1602 et
624 1559 904 1618 intelligeres,
946 1559 989 1602 id
1016 1571 1095 1613 est,
1125 1576 1403 1619 cognosceres
1438 1578 1514 1620 per
1546 1561 1878 1620 inquisitionem

350 1631 415 1674 vel
442 1630 526 1673 alio
550 1630 695 1681 modo,
719 1630 968 1688 cujusmodi
991 1642 1103 1673 terre
1123 1632 1211 1674 sive
1227 1643 1471 1675 tenementa
1494 1648 1570 1691 per
1590 1633 1686 1675 illos
1702 1633 1879 1677 defunc-

352 1714 417 1746 tos
448 1702 612 1760 injuste
638 1701 803 1744 fuerint
827 1701 1054 1760 acquisita,
1076 1719 1123 1745 ac
1149 1702 1383 1745 novissima
1406 1714 1479 1746 tua
1507 1704 1771 1762 provideres,
1798 1704 1880 1747 sci-

353 1773 452 1816 licet
474 1784 658 1815 mortem
686 1783 805 1815 tuam
834 1772 1089 1825 terribilem,
1116 1773 1374 1816 tristabilem
1402 1786 1445 1817 et
1472 1774 1713 1833 periculum
1735 1775 1881 1818 anime

345 1856 434 1898 tue,
464 1855 642 1903 propter
667 1844 767 1887 talia
803 1845 917 1886 bona
943 1843 1115 1887 diucius
1153 1844 1214 1887 sic
1247 1845 1438 1888 detenta.
1464 1846 1593 1889 Certe
1625 1846 1772 1889 omnia
1800 1846 1873 1890 illa

351 1917 482 1969 bona,
513 1915 606 1957 sine
633 1931 753 1958 mora
779 1931 879 1957 cum
910 1915 1117 1958 omnibus
1152 1915 1366 1958 fructibus
1394 1916 1496 1958 inde
1523 1917 1752 1975 perceptis,
1790 1933 1879 1960 res-

349 1986 450 2029 titui
478 1986 636 2028 faceres
663 1985 868 2028 omnibus
890 1985 974 2028 illis
993 2002 1015 2028 a
1042 1986 1204 2044 quibus
1226 1986 1339 2029 dicta
1363 1988 1477 2029 bona
1508 1987 1672 2030 fuerint
1692 1999 1876 2040 extorta,

348 2074 424 2100 seu
445 2057 531 2099 alio
557 2073 838 2115 quocumque
859 2057 989 2099 modo
1010 2056 1160 2100 illicite
1189 2057 1414 2116 acquisita.
1446 2058 1525 2101 Vel
1553 2058 1721 2111 saltem,
1753 2059 1788 2102 si
1816 2059 1879 2102 illi

349 2127 511 2171 mortui
551 2127 653 2181 sint,
688 2127 884 2170 facienda
913 2139 979 2170 est
1018 2128 1242 2171 restitucio
1287 2128 1523 2171 heredibus
1565 2145 1733 2182 eorum,
1778 2146 1877 2173 cum

348 2215 437 2241 non
473 2198 711 2241 dimittitur
736 2209 959 2257 peccatum
989 2198 1074 2241 nisi
1107 2199 1363 2242 restituatur
1388 2199 1598 2243 ablatum.
1635 2201 1691 2242 Et
1719 2200 1880 2244 dicitur

347 2269 635 2313 Ecclesiastici
655 2286 708 2312 xL
730 2285 738 2311 :
767 2270 1033 2314 Substuncie
1052 2273 1317 2328 injustorum
1334 2274 1447 2313 sicut
1460 2271 1625 2330 fluvius
1646 2272 1877 2315 siccabun-

347 2351 420 2384 tur
455 2350 496 2383 et
528 2345 642 2383 sicut
679 2345 917 2384 tonitruum
958 2357 1166 2399 magnum
1195 2345 1240 2384 in
1275 2342 1433 2400 pluvia
1459 2343 1781 2400 personabunt.
1824 2345 1879 2386 Et

347 2411 458 2454 sicut
480 2414 628 2469 justus
649 2416 694 2455 in
720 2413 957 2471 aperiendo
979 2428 1138 2454 manus
1161 2428 1269 2454 suas
1293 2413 1516 2467 letabitur,
1547 2413 1692 2456 dando
1725 2414 1876 2457 saltem

347 2498 394 2524 ea
423 2483 478 2525 ad
514 2499 599 2540 que
632 2494 821 2535 tenetur,
852 2487 915 2526 sic
938 2487 1294 2542 prevaricatores
1322 2490 1367 2526 in
1399 2489 1777 2528 consummacione
1809 2495 1877 2528 ta-

349 2554 518 2600 bescent
532 2559 563 2595 α.
607 2555 780 2596 Abacuc
817 2570 871 2596 11:
911 2555 965 2597 Ve
1000 2558 1077 2614 qui
1111 2555 1374 2613 multiplicat
1410 2571 1497 2597 non
1526 2572 1619 2610 sua,
1657 2572 1878 2616 usquequo

346 2634 565 2683 aggravat
593 2635 747 2667 contra
790 2641 836 2667 se
879 2626 1059 2668 densum
1104 2626 1258 2668 lutum.
1309 2627 1536 2686 Numquid
1570 2643 1658 2669 non
1703 2637 1880 2685 repente

347 2706 610 2754 consurgent
641 2699 716 2755 qui
748 2697 1005 2748 mordeant‚·
1039 2707 1080 2740 et
1108 2697 1437 2740 suscitabuntur
1467 2698 1716 2740 lacerantes
1744 2708 1798 2752 te,
1837 2709 1880 2741 et

347 2841 508 2875 auferre.
533 2842 576 2875 R.
599 2841 649 2888 Α..
666 2861 710 2869 --
737 2842 798 2876 ²et
818 2842 905 2877 ideo
918 2855 1053 2877 moneo
1075 2849 1111 2877 te
1126 2855 1169 2877 ex
1190 2849 1298 2890 parte
1319 2844 1401 2885 Dei,
1418 2850 1454 2878 et
1466 2846 1624 2880 consulo
1645 2846 1695 2880 ob
1713 2846 1873 2880 salutem

347 2889 470 2922 anime
490 2894 552 2970 tsse
568 2894 608 2923 ut
623 2889 704 2924 sine
719 2902 825 2925 mora
839 2890 1052 2925 satisfacias
1066 2891 1323 2926 creditoribus
1338 2892 1414 2926 tuis
1433 2904 1515 2926 cum
1531 2893 1708 2928 omnibus
1724 2893 1871 2928 damnis

347 2947 478 2970 eorum
535 2963 542 2970 .

346 3074 391 3081 —
411 3065 445 3089 e.
472 3053 597 3089 Eccle.
617 3054 682 3096 IX,
705 3055 740 3090 5.

393 3142 430 3169 a.
459 3130 575 3165 Eccli.
598 3130 680 3173 XL,
698 3132 755 3174 13,
780 3132 836 3170 14.
854 3151 898 3158 —
917 3131 952 3169 b.
981 3131 1147 3175 Hah.11,
1172 3135 1206 3175 6,
1228 3135 1260 3176 7,
1279 3135 1313 3170 8.
