2314 3736
1134 315 1373 356 -154—

483 404 647 446 habent
667 414 814 446 contra
837 419 986 446 eorum
1016 403 1306 457 voluntatem,
1324 416 1428 448 sunt
1446 407 1565 465 pravi
1582 406 1778 450 homines
1798 419 1840 450 et
1859 424 2008 452 omnes

483 474 588 517 tales
632 474 842 534 repellere
886 474 1016 517 debes
1055 491 1076 518 a
1126 476 1243 518 curia
1284 486 1374 530 tua,
1412 477 1573 520 virtute
1612 478 1871 521 monicionis
1910 486 2018 539 pre-'

485 544 615 588 dicte.

545 684 741 731 XXIX.
778 687 903 740 Item,
927 687 971 729 in
1000 688 1197 745 proximo
1219 698 1294 731 tuo
1320 704 1488 748 semper
1507 689 1638 748 dilige
1665 690 1844 743 bonum,
1875 701 1918 734 et
1937 691 2011 735 odi

485 756 663 810 malum,
693 768 734 800 et
755 757 845 799 noli
873 758 960 816 pati
982 774 1124 800 coram
1153 769 1193 801 te
1221 759 1306 801 dici
1336 761 1516 802 verbum
1546 760 1791 804 allectivum
1830 762 1883 804 ad
1915 778 2012 822 pec-

484 839 644 881 catum,
662 844 741 871 nec
761 829 940 871 verbum
956 829 1241 872 detractivum
1261 830 1315 872 de
1335 830 1435 882 alio,
1454 847 1532 873 nec
1550 831 1689 874 ullum
1710 833 1889 875 verbum
1902 833 2010 876 blas-

483 899 656 957 phemie
675 900 729 941 de
749 900 910 942 sanctis
932 899 1017 942 diei
1035 900 1215 959 paciaris
1235 901 1342 959 quin
1358 901 1410 943 de
1431 918 1481 944 eo
1503 902 1737 945 vindictam
1755 902 1848 945 fieri
1865 903 2007 949 facias.

485 971 541 1012 Et
566 986 618 1012 ex
640 971 719 1012 hac
746 970 992 1013 monicione
1018 972 1216 1030 sequitur
1243 972 1360 1030 quod
1383 973 1493 1015 nihil
1516 973 1646 1016 debes
1673 989 1824 1032 capere
1850 974 1904 1017 de
1932 975 2012 1018 bo-

485 1041 552 1083 uis
572 1041 775 1095 aliorum,
805 1053 954 1084 contra
982 1058 1132 1085 eorum
1154 1043 1439 1095 voluntatem,
1462 1044 1578 1102 quod
1603 1045 1638 1087 si
1663 1045 1827 1097 feceris,
1852 1045 2012 1088 malum

485 1123 563 1163 est,
612 1123 655 1154 et
699 1112 781 1154 hoc
818 1113 939 1155 odire
973 1113 1120 1166 debes,
1157 1115 1317 1156 virtute
1356 1116 1614 1157 monicionis
1653 1116 1859 1174 predicte.
1898 1116 2011 1159 Psal-

485 1184 610 1225 mista
635 1199 643 1225 :
671 1184 758 1241 Qui
780 1185 965 1243 diligitis
992 1185 1225 1227 Dominum
1251 1186 1366 1228 odite
1393 1186 1603 1240 malama,
1635 1198 1716 1229 etc.

548 1323 718 1370 XXX.
755 1325 878 1378 Item,
908 1324 962 1366 de
984 1325 1189 1368 omnibus
1210 1326 1429 1369 beneficiis
1452 1327 1531 1369 tibi
1558 1343 1578 1369 a
1613 1329 1706 1371 Deo
1738 1328 1921 1381 collatis,
1954 1329 2015 1371 sic

488 1397 582 1438 Deo
609 1396 766 1454 gratias
791 1411 906 1454 agas,
934 1407 981 1438 ut
1008 1397 1066 1439 sis
1095 1397 1253 1455 dignus
1289 1398 1481 1456 accipere
1501 1400 1679 1457 majora.
1715 1399 1798 1441 Sed
1819 1399 2010 1451 adverte,

488 1467 663 1509 domine
689 1483 778 1520 rex,
813 1466 930 1525 quod
959 1468 1142 1509 maxima
1171 1479 1234 1510 est
1261 1479 1332 1510 tua
1367 1469 1653 1527 ingratitudo,
1689 1486 1740 1512 ex
1773 1486 1861 1528 quo
1894 1472 2013 1514 Deus

487 1537 676 1580 contulit
703 1537 784 1579 tibi
811 1549 876 1580 tot
909 1538 1117 1580 beneficia
1147 1555 1231 1597 que
1259 1539 1370 1581 sicut
1406 1541 1537 1593 nosti,
1572 1541 1691 1598 quod
1727 1552 1771 1583 tu
1812 1557 1888 1599 per
1914 1552 2014 1584 tuos

490 1609 728 1659 ministros,
751 1609 868 1667 capis
887 1609 1000 1650 bona
1017 1609 1188 1651 infinita
1209 1611 1263 1651 ab
1278 1610 1389 1663 aliis,
1415 1611 1519 1669 ipsis
1534 1611 1698 1663 invitis,
1716 1612 1827 1654 sicut
1848 1623 2010 1670 raptor.

490 1679 606 1734 Quia
628 1681 736 1721 scire
757 1679 889 1722 debes
911 1679 1029 1738 quod
1050 1680 1161 1722 sicut
1181 1680 1416 1723 liberalitas
1454 1693 1518 1724 est
1549 1682 1642 1740 sign
1652 1699 1722 1725 um
1754 1683 2010 1736 nobilitatis,

491 1751 550 1792 sic
571 1750 719 1808 rapina
740 1761 804 1791 est
825 1750 997 1808 signum
1018 1751 1286 1795 rusticitatis.
1318 1752 1445 1794 Unde
1473 1753 1640 1795 nobiles
1661 1753 1804 1805 multi,
1827 1754 1905 1811 qui
1934 1769 2014 1796 no-

491 1821 598 1863 biles
620 1831 884 1879 reputantur
898 1821 1108 1879 opinione
1125 1822 1366 1873 hominum,
1382 1823 1654 1866 rusticissimi
1670 1834 1787 1877 sunt,
1810 1840 1908 1866 cum
1925 1839 2014 1867 non

490 1902 659 1933 cessant
676 1907 829 1950 capere
856 1892 967 1934 bona
990 1908 1248 1951 pauperum,
1278 1893 1384 1951 ipsis
1412 1893 1575 1945 invitis,
1599 1894 1652 1936 de
1678 1910 1865 1953 quorum
1893 1894 2013 1937 labo-

492 1962 614 2005 ribus
635 1962 719 2021 ipsi
735 1962 904 2005 vivunt.

547 2104 743 2150 XXXI.
779 2106 903 2157 Item,
936 2122 1034 2165 erga
1065 2106 1264 2149 subditos
1302 2117 1415 2158 tuos,
1450 2107 1508 2149 ita
1537 2109 1656 2165 juste
1685 2119 1727 2150 te
1759 2108 1933 2162 habeas,
1965 2119 2015 2152 ut

487 2176 834 2234 lineamjusticie
852 2187 1013 2228 teneas,
1033 2193 1119 2219 non
1136 2177 1358 2219 declinans
1375 2177 1427 2219 ad
1442 2177 1654 2231 dextram,
1679 2195 1820 2238 neque
1838 2178 1892 2221 ad
1913 2179 2016 2221 sini-

488 2258 634 2289 stram.
655 2248 710 2289 Et
724 2263 894 2305 semper
908 2247 1007 2306 plus
1028 2258 1173 2290 teneas
1196 2259 1236 2290 te
1256 2248 1309 2290 ad
1326 2248 1527 2307 pauperis
1548 2260 1730 2308 partem,
1753 2265 1883 2307 quam
1903 2249 2013 2291 divi-

487 2318 557 2371 tis,
582 2318 719 2360 donec
744 2329 885 2360 certus
913 2317 969 2360 sis
996 2318 1049 2359 de
1069 2318 1260 2362 veritate.
1286 2319 1619 2361 Deuteronomii
1651 2336 1736 2361 xvu
1763 2337 1770 2362 :
1807 2321 1902 2362 Rex·
1930 2336 2015 2362 non

487 2389 669 2431 declinet
691 2388 752 2429 ad
775 2389 975 2430 dextram
1006 2390 1073 2432 vel
1094 2394 1331 2442 sinistram,
1357 2399 1402 2431 ut
1427 2390 1553 2448 longo
1582 2400 1772 2448 tempore
1798 2400 1951 2449 regnat
1975 2400 2016 2433 et
2064 2435 2071 2440 ,

486 2460 605 2516 filius
636 2461 777 2517 ejus-⁰.
821 2459 1110 2501 Ecclesiastici
1146 2476 1234 2502 1111:
1281 2461 1422 2519 Usque
1455 2461 1516 2502 ad
1551 2471 1747 2515 mortem,
1784 2471 1903 2504 certa
1930 2477 2014 2519 pro

478 2533 662 2588 justicia
683 2539 722 2571 et
750 2531 867 2571 Deus
896 2539 1174 2588 expugnatur
1187 2547 1272 2588 pro
1300 2541 1340 2573 te
1360 2534 1558 2573 inimicos
1585 2529 1717 2573 tuosb.
1744 2532 1807 2574 Ex
1830 2532 1907 2574 hac
1928 2547 2014 2574 mo·

490 2601 661 2643 nicione
697 2600 897 2658 sequitur
929 2600 1047 2658 quod
1087 2617 1174 2642 non
1206 2601 1336 2643 debes
1373 2602 1622 2659 permittere
1653 2601 1841 2660 aliquem
1864 2618 2015 2661 capere

489 2672 603 2713 bona
619 2671 803 2712 aliorum
830 2681 978 2712 contra
1006 2687 1155 2713 eorum
1177 2671 1460 2726 voluntatem.
1494 2672 1623 2726 Quod
1643 2673 1677 2714 si
1697 2673 1910 2731 permittis
1927 2688 2014 2715 non

488 2752 606 2784 tenes
629 2741 787 2783 lineam
810 2741 1001 2799 justicie,
1031 2757 1128 2784 cum
1147 2742 1321 2800 justicia
1342 2743 1398 2784 sit
1419 2743 1598 2785 reddere
1619 2743 1871 2802 unicuique,
1895 2742 2016 2801 quod

485 2828 612 2854 suum
640 2823 725 2865 est3
764 2828 849 2854 non
877 2823 1022 2858 autem
1055 2811 1225 2855 auferre
1251 2812 1417 2872 aliquid
1450 2814 1562 2856 sicut
1590 2813 1754 2856 faciunt
1781 2813 2014 2857 servientes

490 2894 574 2926 tul.

537 3024 574 3046 a.
595 3011 658 3046 Ps.
676 3011 808 3052 XCVI,
834 3013 890 3048 10.

538 3112 574 3136 a.
598 3101 709 3136 Deut.
730 3101 846 3142 XVII,
871 3103 927 3137 20.
948 3121 992 3130 —
1012 3101 1046 3136 b.
1071 3101 1172 3136 Eccli
1192 3102 1254 3142 lv,
1276 3104 1331 3138 33.
