2314 3736
1095 351 1333 391 -120—

461 439 574 482 forte
594 438 825 481 deficiebat
845 439 906 481 eis
928 438 1119 498 Spiritus
1140 440 1324 483 Sanctus
1350 442 1464 500 capti
1484 441 1660 486 fuerunt
1687 455 1730 486 et
1762 445 1976 490 interfecti

451 511 617 568 absque
636 509 800 552 lesione
819 509 1022 554 aliorum.
1051 511 1178 553 Nunc
1198 511 1326 553 etiam
1350 511 1521 565 ultimo,
1546 513 1626 555 iste
1640 530 1822 573 magnus
1833 516 1974 560 domi-

456 596 539 623 nus
559 582 702 639 Roger
712 580 752 622 le
772 580 1018 634 Mortimer,
1033 592 1183 640 captus
1199 593 1240 623 et
1260 582 1512 626 interfectus
1527 583 1630 635 θεῖά,
1651 585 1800 628 eodem
1821 587 1972 641 modo;

456 651 557 693 licet
583 651 687 693 olim
717 650 895 709 quando
915 667 1097 710 magnus
1116 651 1321 695 dominus
1348 653 1525 696 deberet
1552 655 1662 714 capi,
1703 656 1837 699 multa
1870 658 1973 700 sole-

459 722 564 764 bant
586 721 680 764 fieri
701 721 749 775 [f.
777 722 898 776 140v]
921 721 1151 764 homicidia
1174 722 1227 764 de
1246 725 1560 766 communitate
1576 726 1745 784 populi,
1769 738 1811 769 et
1825 727 1975 787 rapine

461 792 660 835 solebant
685 803 790 835 tunc
816 792 926 846 fieri,
949 793 1073 851 quasi
1100 793 1287 838 infinite.
1313 795 1394 836 Sed
1420 806 1562 854 potest
1584 812 1675 839 esse
1701 812 1842 851 causa,
1872 798 1974 857 quia

456 863 649 922 populus
668 879 746 922 per
772 879 845 906 eos
866 863 1054 906 multum
1076 865 1349 922 gravabatur,
1374 882 1452 908 nec
1471 866 1738 910 inducebant
1757 885 1899 924 regem
1920 869 1974 911 ad

455 934 716 977 servandum
733 936 807 993 jus
833 950 1080 987 commune,
1111 935 1286 987 scilicet,
1312 947 1360 979 ut
1381 949 1542 980 emeret
1567 954 1634 980 res
1660 938 1830 981 venales
1863 940 1974 983 sicut

454 1016 703 1058 extraneus,
729 1006 847 1048 unde
872 1006 1146 1064 Augustinus
1177 1022 1184 1048 :
1214 1008 1387 1049 Justum
1416 1019 1479 1050 est
1507 1020 1555 1051 ut
1580 1010 1657 1067 qui
1677 1025 1698 1051 a
1727 1011 1975 1068 potenciore

455 1077 719 1135 vultjuvari,
738 1076 914 1135 adjuvet
929 1076 1178 1119 inferiorem
1197 1077 1239 1119 in
1257 1094 1344 1136 quo
1361 1080 1452 1137 ipse
1466 1090 1530 1121 est
1545 1081 1783 1138 potencior.
1803 1082 1858 1123 Et
1873 1081 1974 1140 quia

452 1148 640 1208 predicti
660 1148 720 1190 sic
746 1164 834 1190 non
860 1148 1069 1199 fecerunt,
1100 1148 1198 1190 ideo
1221 1148 1346 1200 forte,
1373 1150 1533 1192 malum
1554 1150 1801 1194 habuerunt
1822 1151 1969 1204 finem,

453 1230 668 1279 quantum
693 1219 746 1262 ad
769 1219 984 1262 mundum
1007 1219 1156 1272 istum,
1181 1221 1345 1262 bonum
1370 1231 1511 1263 tamen
1533 1221 1662 1263 finem
1685 1222 1794 1265 sorte
1814 1222 1973 1266 habue-

451 1301 573 1343 runt,
592 1301 804 1348 quantum
829 1289 883 1332 ad
911 1290 1194 1332 salvacionem
1214 1291 1457 1334 animarum
1485 1292 1698 1338 suarum¹.
1727 1295 1782 1336 Et
1801 1293 1972 1337 nullum

451 1372 759 1404 testamentum
787 1361 997 1414 fecerunt,
1029 1377 1127 1403 cum
1162 1362 1309 1404 omnia
1348 1364 1460 1404 bona
1488 1379 1564 1406 sua
1596 1364 1850 1408 amiserunt.
1887 1366 1973 1408 Nec

451 1432 628 1484 mirum,
647 1432 746 1491 quia
764 1432 916 1484 multa,
937 1443 985 1474 ut
999 1432 1174 1482 dicitur,
1194 1433 1304 1475 male
1319 1433 1663 1492 adquisiverunt.
1684 1436 1738 1477 Et
1753 1435 1864 1487 ideo,
1884 1451 1971 1478 mo·

450 1519 533 1546 neo
549 1519 639 1555 vos,
656 1502 858 1546 ductores
879 1503 1006 1562 regis,
1023 1519 1074 1545 ex
1095 1515 1216 1562 parte
1226 1504 1324 1555 Dei,
1344 1516 1392 1546 ut
1412 1504 1555 1564 ipsum
1571 1507 1681 1548 bene
1696 1517 1737 1548 et
1757 1507 1973 1565 sapienter

451 1574 638 1626 ducatis,
657 1574 806 1617 saltem
836 1585 885 1617 ut
910 1574 1002 1633 ipse
1028 1585 1069 1616 et
1090 1574 1153 1617 illi
1174 1574 1228 1616 de
1255 1575 1416 1617 familia
1440 1592 1514 1618 sua
1535 1577 1579 1618 in
1608 1577 1910 1635 empcionibus
1931 1588 1973 1620 et

450 1646 798 1699 vendicionibus,
829 1647 1060 1688 observent
1081 1647 1154 1703 jus
1174 1661 1421 1699 commune,
1447 1663 1525 1690 nec
1539 1659 1685 1690 contra
1703 1648 1971 1691 voluntatem

451 1717 732 1760 dominorum
753 1733 820 1759 res
847 1718 1020 1775 capiant
1047 1716 1224 1770 alienas,
1253 1717 1357 1759 alias
1378 1718 1527 1760 timere
1554 1720 1750 1777 poteritis
1777 1719 1830 1761 de
1844 1719 1971 1762 ruina

451 1799 493 1831 et
518 1788 648 1830 etiam
666 1787 721 1830 de
747 1787 952 1830 vindicta.
977 1788 1157 1830 Ducatis
1183 1804 1286 1847 ergo
1304 1804 1403 1830 eum
1424 1800 1547 1831 caute
1586 1806 1674 1831 non
1711 1790 1832 1848 quasi
1863 1790 1970 1833 insi·

450 1859 621 1919 pientes
653 1859 726 1901 sed
758 1869 806 1902 ut
832 1860 1066 1918 sapientes,
1103 1859 1365 1902 redimentes
1404 1860 1563 1902 scilicet
1593 1861 1758 1903 animas
1790 1872 1967 1913 vestras,

450 1930 660 1989 quoniam
695 1929 788 1972 dies
823 1930 926 1973 mali
958 1941 1075 1982 sunt,
1118 1941 1343 1989 propterea
1378 1930 1514 1973 nolite
1551 1931 1643 1973 fieri
1673 1931 1972 1990 imprudentes

449 2000 744 2059 intelligentes
764 2017 850 2059 que
871 2002 927 2043 sit
961 2001 1161 2043 voluntas
1190 2001 1288 2042 Dei.
1325 2001 1461 2044 Nemo
1489 2003 1694 2044 inanibus
1726 2003 1865 2045 verbis
1900 2018 1972 2046 vos

451 2073 636 2125 seducet,
668 2082 717 2115 ut
742 2071 903 2114 dicitur
928 2072 981 2115 ad
1008 2072 1121 2131 Eph.
1146 2088 1186 2115 V.
1202 2077 1215 2096 ⁶
1243 2071 1368 2114 Unde
1395 2074 1522 2131 Hugo
1549 2073 1602 2115 de
1624 2074 1782 2116 Sancto
1797 2073 1971 2116 Victore

451 2142 540 2186 aits
561 2159 570 2185 :
596 2143 677 2185 Dic
695 2142 827 2185 michi
843 2143 919 2186 ubi
940 2153 1043 2186 sunt
1064 2143 1194 2185 modo
1214 2153 1427 2187 amatores
1448 2143 1602 2186 mundi
1622 2144 1815 2202 quiante
1835 2159 1969 2204 pauca

493 2296 568 2333 43.
596 2296 730 2331 ¹Unde
758 2297 969 2342 Gregorius
988 2310 994 2330 :
1021 2297 1117 2330 mala
1142 2308 1213 2343 que
1231 2309 1299 2330 vos
1321 2296 1379 2330 hic
1404 2302 1591 2342 premunt,
1613 2309 1681 2331 vos
1709 2298 1754 2332 ad
1775 2298 1895 2333 Deum
1915 2299 1970 2334 ire

449 2344 678 2384 convellunt,
699 2350 736 2378 et
757 2357 847 2378 sane
862 2344 1073 2378 infirmitati
1094 2356 1174 2378 mee
1195 2344 1342 2390 gracias
1364 2356 1434 2390 ago
1457 2356 1528 2390 que
1549 2345 1650 2390 cogit
1668 2356 1737 2385 me,
1761 2358 1837 2380 non
1855 2359 1970 2392 posse

448 2403 520 2438 que
541 2404 616 2425 non
639 2391 759 2425 debeo
777 2391 872 2425 velle
891 2390 985 2425 add.
1011 2392 1052 2424 F.

448 2485 637 2521 commisit
657 2486 865 2532 sepulture.
885 2505 929 2511 —-
951 2485 987 2519 b.
1010 2486 1082 2525 Id.,
1105 2498 1142 2531 p.
1163 2486 1208 2520 24
1231 2499 1237 2519 :
1261 2486 1439 2532 alligatus
1456 2491 1607 2520 strenue
1629 2485 1795 2521 brachiis
1817 2492 1853 2522 et
1868 2487 1970 2522 tibiis

448 2533 487 2567 in
505 2533 659 2579 longum
681 2533 886 2579 protensis,
911 2538 946 2566 et
964 2533 1002 2567 in
1023 2533 1145 2578 ipsius
1161 2533 1320 2567 viventis
1342 2539 1559 2579 conspectu,
1578 2534 1721 2568 viscera
1743 2535 1910 2580 propria,
1925 2535 1970 2569 de

446 2586 577 2614 ventre
598 2580 719 2614 inciso
741 2580 947 2614 crudeliter
975 2585 1152 2620 extracta,
1182 2579 1336 2625 ignibus
1363 2582 1575 2620 traduntur,
1606 2581 1799 2615 residuum
1821 2593 1970 2628 quoque

447 2627 634 2672 corporis,
653 2627 761 2674 equis
777 2628 998 2666 detractum,
1022 2628 1060 2661 in
1077 2627 1263 2661 communi
1282 2628 1385 2661 furca
1403 2628 1589 2661 latronum
1610 2628 1729 2661 fuerat
1744 2641 1970 2674 suspensum

447 2674 586 2720 (1326).
608 2694 654 2700 -—
673 2686 703 2708 c.
729 2674 799 2714 Id.,
824 2687 861 2720 p.
890 2675 934 2709 25
958 2687 965 2708 ι
990 2674 1100 2719 Hugo
1129 2675 1174 2708 de
1201 2675 1419 2720 Despenser
1439 2675 1553 2714 filius,
1582 2675 1620 2708 iu
1641 2675 1801 2709 vinculis
1819 2675 1970 2710 oblatus

446 2722 567 2756 oculis
591 2720 828 2755 terribilibus
849 2722 1049 2767 indignati,
1071 2733 1147 2755 non
1168 2728 1359 2767 expectata
1390 2722 1676 2756 ratiocinatione
1703 2723 1969 2770 cujuscumque

442 2769 595 2815 judicis,
620 2769 689 2802 fuit
706 2768 752 2802 ab
771 2769 901 2802 eadem
920 2769 1080 2808 civitate,
1106 2768 1249 2802 scilicet
1266 2769 1467 2808 Hereford,
1486 2774 1639 2809 tractus,
1657 2782 1880 2815 suspensus,
1903 2771 1969 2805 de-

446 2815 619 2855 collatus,
643 2815 737 2849 etin
759 2816 971 2861 quarterias
993 2816 1150 2856 divisus,
1179 2816 1286 2861 cujus
1319 2821 1430 2861 caput
1457 2816 1526 2850 fuit
1552 2816 1709 2850 missum
1739 2817 1784 2850 ad
1817 2823 1970 2863 pontem

448 2862 746 2902 Londoniarum,
779 2869 815 2896 et
843 2869 1003 2908 quatuor
1037 2862 1226 2909 quarteria
1255 2863 1300 2897 ad
1326 2869 1488 2909 quatuor
1522 2863 1629 2908 regui
1661 2868 1788 2909 partes
1821 2865 1971 2899 fuerunt

448 2909 666 2944 distributa.
696 2929 739 2935 —
762 2908 801 2944 d.
833 2910 906 2950 Id.,
930 2922 966 2956 p.
1001 2911 1066 2944 47:
1089 2910 1199 2955 Apud
1222 2909 1621 2950 VVestmonasterium,
1644 2910 1836 2945 assidente
1862 2912 1969 2958 regni

448 2957 710 3002 parliamento,
735 2957 772 2990 in
798 2956 926 3002 vigilia
962 2956 1087 2990 Sancti
1121 2956 1271 2990 Andree
1299 2957 1484 3003 sequenti,
1516 2962 1657 2991 tractus
1678 2963 1715 2991 et
1744 2970 1966 3004 suspensus.

447 3015 606 3049 guerras
629 3004 830 3037 intestinas
851 3016 919 3050 per
940 3010 1053 3038 totam
1075 3004 1186 3037 vitam
1211 3016 1314 3038 suam
1335 3004 1469 3038 crebro
1489 3005 1702 3045 suscitatas,
1728 3017 1843 3051 super
1865 3017 1967 3040 com—

447 3050 550 3084 muni
568 3051 670 3084 furca
690 3051 879 3085 latronum
900 3052 999 3097 apud
1021 3051 1161 3092 munes,
1183 3064 1249 3085 sua
1270 3056 1389 3085 morte
1414 3051 1535 3086 finivit
1551 3052 1690 3097 (1330).
1707 3071 1751 3078 —
1773 3064 1803 3086 e.
1826 3052 1965 3099 Ephes.

443 3098 489 3137 V,
522 3100 556 3133 6.
583 3117 626 3123 -
655 3099 683 3142 f.
717 3097 828 3143 Hugo
852 3099 896 3132 de
930 3098 967 3133 S.
1000 3099 1165 3139 Victore,
1201 3097 1244 3134 de
1268 3099 1431 3135 vanitate
1463 3098 1604 3139 memdi,
1639 3098 1723 3134 Lib.
1757 3099 1806 3141 11,
1833 3101 1878 3135 Ρ.
1909 3101 1964 3141 L.,

441 3151 470 3181 t.
489 3144 688 3186 CLXXVI,
709 3158 746 3193 p.
767 3147 847 3183 712.
