2444 3750
1289 415 1500 456 -70-

635 533 824 592 auditis,
861 542 913 581 ut
944 534 1025 591 ait,
1049 533 1354 598 gravissimis,
1383 534 1578 580 nomine
1603 534 1747 580 totius
1771 534 1955 599 populi,
1984 535 2154 584 delatis

634 621 863 686 querelis,
885 621 1146 669 declaravit
1174 639 1224 668 se
1243 621 1498 686 prohibere
1525 622 1783 686 quominus
1804 621 1999 686 legatOS,
2021 640 2158 671 cons·

637 709 915 768 tabularios,
969 709 1292 767 marescassos,
1338 710 1530 756 navium
1573 708 1856 774 praefectos,
1901 711 2158 776 prinoipeS,

637 797 862 856 barones,
891 799 1096 862 equites,
1129 806 1358 862 caperent
1385 814 1552 862 equos,
1581 806 1811 856 careotas,
1841 797 2157 859 frumentum,
2184 807 2186 809 ’

638 903 859 944 avenam,
896 887 1063 933 vinum
1094 895 1143 933 et
1177 885 1285 932 alia.
1319 884 1566 932 Statuebat
1598 886 1814 950 insuper,
1851 894 1903 933 ut
1931 887 1970 933 si
2008 887 2163 951 quivis

639 992 826 1033 eorum,
856 976 1115 1039 quicquam
1141 983 1224 1021 aut
1248 983 1496 1039 caperent,
1526 990 1625 1020 non
1653 974 1810 1020 soluto
1832 973 1961 1036 justo
1987 975 2160 1039 pretio,

641 1072 723 1110 aut
743 1063 803 1110 ab
824 1062 991 1110 alienis
1013 1061 1363 1128 possessoribus
1380 1061 1560 1126 aliquid
1581 1062 1842 1126 eriperent,
1862 1079 1959 1109 non
1974 1071 2161 1110 tantum

639 1169 692 1198 ea
721 1168 913 1198 servare
940 1168 1038 1197 non
1060 1159 1275 1215 possent,
1306 1149 1390 1197 sed
1415 1151 1559 1196 etiam
1586 1149 1646 1196 ad
1672 1148 1822 1208 urbis,
1851 1159 1933 1197 aut
1959 1151 2163 1215 proximi

641 1241 747 1305 pagi
786 1239 995 1286 tribunal
1025 1247 1328 1286 vocarentur.
1371 1238 1503 1285 Idem
1534 1246 1765 1284 statutum
1797 1237 1996 1296 ferebat,
2036 1247 2088 1286 ut
2115 1239 2170 1286 iis

643 1328 772 1386 solis,
794 1329 875 1392 qui
897 1327 958 1374 ad
973 1328 1094 1391 regis
1116 1328 1303 1391 negotia
1327 1326 1598 1391 peragenda
1611 1327 1935 1384 mitterentur,
1960 1327 1998 1372 si
2017 1343 2170 1391 equos

643 1434 741 1463 non
774 1417 1068 1463 invenissent
1093 1432 1215 1480 quos
1242 1414 1590 1472 conducerent,
1622 1431 1704 1461 eos
1733 1415 1924 1478 exigere
1949 1413 2115 1462 liceret
2139 1433 2165 1462 a

641 1505 848 1568 cujusvis
878 1504 969 1551 loci
1001 1504 1184 1561 incolis,
1226 1520 1282 1550 ea
1318 1511 1478 1550 tamen
1512 1503 1614 1566 lege
1654 1511 1706 1549 ut
1747 1502 1792 1549 id
1839 1519 1937 1548 non
1968 1504 2165 1568 proprio

644 1595 856 1651 nomine,
887 1593 1177 1658 propriaque
1202 1592 1485 1638 auctoritate
1512 1589 1818 1656 perficerent,
1849 1590 1932 1637 sed
1958 1590 2166 1638 adhibita

643 1682 894 1729 voluntate
930 1690 979 1729 et
1007 1681 1288 1728 auctoritate
1322 1678 1644 1744 quorumdam
1678 1678 1912 1742 judicum,
1952 1678 2167 1741 ejusdem

642 1770 752 1818 looi.

710 1863 822 1906 Post
849 1858 1035 1906 cladem
1064 1857 1192 1921 apud
1219 1857 1516 1904 Cressiaoum
1544 1863 1805 1920 acceptam,
1842 1871 1952 1902 oum
1984 1855 2164 1920 legatos

647 1948 892 2012 Philippus
907 1948 955 1993 in
970 1946 1239 2011 provincias
1259 1946 1487 2002 mitteret,
1508 1945 1590 2008 qui
1610 1943 1784 1990 milites
1804 1942 2164 2000 conducendos,

648 2045 695 2083 et
729 2037 858 2083 omni
898 2043 1128 2100 apparatu
1165 2033 1473 2080 instruendos
1504 2041 1748 2090 curarent,
1793 2031 1957 2089 edixit,
2001 2040 2171 2095 rogatu

647 2141 761 2171 sane
782 2123 948 2188 populi
976 2141 1001 2170 a
1022 2140 1119 2187 quo
1140 2121 1347 2168 subsidia
1377 2121 1596 2168 obtinere
1622 2119 1861 2184 cupiebat,
1891 2129 1941 2166 ut
1968 2120 2166 2178 nemini,

646 2213 774 2277 pacis
796 2221 1031 2276 tempore,
1056 2211 1143 2256 nisi
1163 2210 1278 2273 regi,
1302 2209 1513 2273 reginae,
1534 2224 1799 2272 eorumque
1816 2207 1995 2265 liberis,
2020 2208 2169 2271 prisas

644 2302 834 2365 exigere
854 2299 1059 2347 liceret¹.
1836 2331 1858 2343 0
1875 2284 1895 2317 s

711 2392 929 2435 Exeunte
972 2386 1166 2451 quidem
1215 2403 1343 2432 anno
1395 2388 1534 2442 1355,
1588 2384 1665 2430 die
1709 2385 1788 2430 28⁰
1838 2382 2117 2430 Decembris
2133 2382 2167 2440 ²,

648 2479 820 2524 iterum
853 2475 1133 2540 prohibetur
1176 2475 1364 2538 quasvis
1396 2474 1548 2538 prisas
1589 2472 1758 2536 quovis
1800 2471 1944 2517 modo
1977 2470 2164 2517 tollere.

648 2570 887 2622 Attamen,
941 2561 1135 2627 quando
1180 2579 1282 2619 rex,
1328 2562 1509 2625 regina,
1565 2560 1662 2606 dux
1712 2554 2031 2607 Normanniae
2083 2559 2170 2605 iter

649 2652 840 2708 facient,
888 2652 1242 2715 dispensatores
1286 2667 1397 2696 suos
1443 2649 1746 2714 praemittere
1791 2655 2038 2711 poterunt,
2086 2647 2170 2711 qui

649 2758 810 2788 coram
842 2739 1041 2787 testibus
1075 2738 1437 2804 probatissimis,
1479 2737 1685 2799 cujusvis
1716 2736 1917 2782 civitatis
1951 2743 2033 2781 aut
2066 2735 2174 2799 pagi

649 2846 860 2886 scamna,
885 2827 1086 2884 tabulas,
1108 2827 1274 2883 lectos,
1298 2826 1539 2890 pulvinos,
1565 2823 1779 2881 foenum,
1809 2823 2012 2887 paleam,
2044 2822 2169 2870 vehi·

649 2917 755 2964 cula
794 2917 1057 2981 requirant.
1113 2918 1208 2960 Has
1243 2922 1404 2960 autem
1439 2912 1646 2977 regulas,
1693 2910 2017 2958 observabunt
2059 2909 2168 2956 dili-

704 3078 741 3116 1.
775 3077 1046 3114 Ordonnances
1066 3076 1119 3112 du
1141 3079 1292 3123 Louvre,
1310 3081 1337 3114 t.
1355 3075 1405 3118 11,
1426 3086 1493 3125 pp.
1519 3074 1609 3119 262,
1629 3074 1719 3118 318,
1743 3074 1833 3117 391.
1854 3072 1944 3119 400,
1961 3072 2051 3118 411,
2078 3072 2168 3118 503,

654 3136 744 3180 529,
770 3136 859 3178 567,
882 3142 952 3173 etc.

705 3196 743 3233 2.
774 3193 892 3241 thid„
912 3200 939 3233 t.
964 3195 1035 3240 111,
1057 3206 1097 3246 p.
1120 3194 1181 3232 19.
