2314 3736
1081 310 1320 352 —138—

864 609 1039 653 CAPIT
1049 609 1209 652 ULUM
1245 609 1538 664 QUINTUM.

496 808 587 855 XI.
625 810 663 852 Ο
703 808 892 852 Domine
918 807 977 850 mi
1004 824 1094 862 rex,
1133 806 1302 851 utinam
1332 823 1502 867 saperes
1535 819 1578 851 et
1606 808 1884 868 intelligeres,
1915 826 1964 855 ac

436 880 670 924 novissima
704 879 965 940 provideres.
1011 880 1208 938 Saperes,
1252 878 1295 920 id
1335 889 1413 930 est,
1456 878 1584 922 scires
1629 879 1774 922 debita
1817 891 1890 924 tua
1922 892 1968 925 et

438 951 583 995 debita
609 950 744 1011 patris
765 950 858 1004 tui3
888 960 930 992 et
957 949 1218 1009 intelligeres
1246 949 1488 1009 periculum
1516 949 1659 992 anime
1688 962 1759 993 tue
1785 962 1828 994 et
1848 952 1964 1011 peri-

435 1023 583 1066 culum
606 1022 739 1082 patris
772 1021 853 1075 tui,
879 1032 1057 1081 propter
1082 1020 1226 1063 debita
1257 1020 1530 1074 multimoda,
1553 1021 1841 1065 creditoribus
1872 1039 1964 1067 non

436 1094 602 1147 soluta;
625 1109 673 1136 ac
699 1092 932 1136 novissima
954 1091 1217 1151 provideres,
1247 1091 1423 1143 seilicet,
1449 1103 1632 1135 mortem
1655 1103 1774 1135 tuam
1803 1093 1963 1137 lamen-

440 1165 635 1216 tabilem‚
666 1164 839 1224 qualem
870 1165 989 1206 Deus
1020 1163 1156 1208 novit.
1191 1164 1245 1205 Et
1275 1174 1389 1205 certe
1422 1163 1455 1205 si
1485 1163 1544 1205 sic
1572 1179 1781 1222 expensas
1807 1164 1964 1208 domus

438 1248 527 1290 tue,
548 1247 592 1279 et
617 1235 720 1278 alias
747 1250 957 1294 expensas
979 1233 1218 1294 superfluas
1246 1234 1527 1284 diminueres‚
1553 1245 1601 1276 ut
1626 1234 1772 1277 debita
1800 1246 1889 1289 tua,
1922 1247 1967 1278 et

438 1307 582 1351 debita
621 1306 756 1366 patris
795 1306 859 1349 tui
892 1306 1024 1348 cicius
1058 1305 1374 1365 persolvantur.
1409 1305 1612 1359 Adverte,
1654 1305 1832 1348 domine
1870 1322 1962 1359 rex,

442 1379 559 1438 quod
592 1377 847 1436 hujusmodi
884 1377 1038 1419 divicie
1066 1393 1152 1419 non
1187 1388 1290 1420 sunt
1325 1387 1487 1428 nostre,
1530 1377 1602 1419 sed
1636 1377 1762 1420 nobis
1799 1393 1964 1420 accom-

441 1450 628 1502 modate,
662 1460 704 1492 et
731 1449 827 1491 ideo
863 1465 951 1491 non
980 1448 1189 1490 debemus
1224 1463 1292 1490 eas
1326 1443 1569 1506 expendere
1595 1447 1648 1490 ad
1675 1459 1867 1491 nostram
1889 1464 1964 1491 vo-

438 1522 668 1572 luntatem,
703 1520 776 1563 sed
803 1520 855 1562 ad
880 1520 1059 1562 fratrum
1097 1518 1409 1561 necessitatem.
1436 1518 1481 1561 Si
1503 1519 1555 1560 ad
1578 1519 1761 1561 fratrum
1786 1519 1965 1562 necessi·

439 1604 571 1635 tatem
611 1592 821 1634 debemus
859 1592 972 1633 bona
1007 1601 1152 1633 nostra
1197 1589 1457 1648 expendere,
1494 1606 1581 1632 non
1616 1590 1825 1633 debemus
1864 1607 1965 1650 ergo
1995 1633 1997 1636 ,

439 1665 493 1706 ab
519 1663 579 1706 eis
599 1661 806 1706 auferre¹.
843 1662 971 1704 Unde
1003 1660 1297 1720 Augustinus:
1331 1662 1443 1703 Dum
1478 1666 1597 1719 capis
1635 1662 1800 1714 aliena,
1834 1665 1965 1706 invito

443 1737 640 1787 Domino,
670 1737 856 1792 capieris
874 1749 900 1775 a
927 1733 1100 1775 diabolo
1116 1747 1133 1786 ;
1161 1741 1202 1775 et
1221 1735 1261 1774 si
1280 1742 1396 1774 tenes
1417 1733 1623 1786 alienam,
1651 1735 1810 1775 teneris
1827 1733 1964 1775 adia-

443 1806 539 1848 bolo
553 1810 587 1849 ⁰.
620 1804 751 1859 Quod
785 1803 900 1846 enim
929 1803 1083 1846 divicie
1120 1819 1207 1845 non
1239 1814 1341 1846 sunt
1379 1814 1539 1855 nostre,
1579 1813 1698 1862 patet
1730 1802 1773 1845 in
1806 1814 1960 1855 morte,

440 1876 542 1935 quia
569 1887 673 1918 tunc
698 1875 853 1917 divicie
885 1885 1063 1917 manent
1088 1874 1132 1916 in
1167 1873 1333 1916 mundo
1363 1884 1405 1916 et
1431 1889 1519 1916 non
1550 1885 1795 1932 sequuntur
1821 1873 1964 1916 homi-

443 1963 541 1990 nem
580 1958 678 2006 post
707 1957 907 1988 mortem.
941 1945 1216 1988 Jeronimus:
1255 1945 1354 1989 Non
1383 1954 1482 1987 sunt
1509 1945 1617 1986 bona
1649 1945 1849 1999 hominis,
1883 1961 1968 2004 que

439 2035 582 2061 secum
620 2018 745 2076 ferre
776 2033 862 2059 non
888 2026 1044 2076 potest.
1091 2017 1190 2060 Job.
1234 2031 1372 2058 xxvu:
1422 2017 1548 2059 Dives
1586 2031 1682 2057 cum
1720 2016 1961 2070 dormierit,

442 2089 556 2132 nihil
571 2105 711 2131 seeum
734 2089 875 2147 affert,
893 2093 1060 2146 aperiet
1079 2088 1360 2140 oeulos‘suos,
1384 2097 1424 2129 et
1444 2086 1557 2129 nihil
1576 2089 1760 2130 inveniet
1773 2083 1802 2130 ⁶.
1839 2085 1968 2129 Unde

445 2159 700 2204 Psalmista:
741 2161 1023 2202 Dor-mierum
1067 2174 1277 2200 sommum
1313 2174 1458 2211 suum,
1501 2167 1542 2200 et
1573 2158 1684 2200 nihil
1712 2163 1969 2201 invenerunt

443 2247 588 2274 omnes
607 2234 690 2274 viri
713 2232 973 2274 diviciarum
994 2233 1038 2272 in
1059 2229 1262 2271 manibus
1281 2232 1373 2271 suis
1387 2233 1414 2270 ⁶.
1440 2229 1495 2271 Et
1515 2227 1619 2270 alibi
1644 2244 1653 2270 τ
1683 2229 1750 2272 Ne
1776 2230 1969 2270 timueris

443 2319 536 2344 cum
564 2303 679 2345 dives
692 2303 839 2361 factus
854 2302 994 2361 fuerit
1014 2301 1137 2343 homo
1164 2310 1205 2342 et
1225 2316 1320 2342 cum
1348 2299 1641 2357 multiplicata
1665 2300 1803 2358 fuerit
1819 2299 1967 2357 gloria

445 2375 596 2416 domus
625 2375 739 2431 ejus,
767 2375 969 2432 quoniam
993 2387 1087 2413 cum
1119 2373 1334 2414 interierit
1359 2386 1445 2412 non
1470 2379 1613 2412 sumet
1638 2374 1799 2422 omnia,
1829 2384 1969 2428 neque

442 2444 671 2486 descendet
691 2459 786 2485 cum
809 2458 857 2485 eo
879 2443 1029 2502 gloria
1055 2444 1151 2500 ejus
1165 2440 1197 2484 ά.
1223 2441 1348 2483 Nunc
1367 2440 1522 2499 cogita,
1548 2439 1740 2492 domine,
1770 2439 1823 2481 de
1844 2449 1966 2498 patre

444 2526 520 2558 tuo
554 2514 662 2573 quid
694 2514 825 2556 habet
858 2513 988 2555 modo
1020 2512 1073 2554 de
1104 2511 1271 2554 diviciis
1292 2527 1399 2570 quas
1426 2510 1582 2553 habuit
1615 2510 1699 2563 hic,
1729 2520 1771 2552 et
1797 2509 1843 2552 in
1878 2525 1966 2568 quo

445 2585 643 2628 statu-sit
665 2584 809 2627 anima
839 2586 949 2642 ejus,
981 2594 1157 2642 propter
1177 2582 1322 2625 debita
1350 2597 1426 2624 sua
1454 2597 1542 2624 non
1573 2580 1730 2625 soluta.
1760 2580 1871 2623 Nolo
1891 2579 1965 2622 ali-

444 2656 552 2715 quid
587 2655 729 2698 dicere
766 2655 819 2697 de
854 2653 1177 2697 extorsionibus
1209 2669 1295 2711 que
1331 2652 1493 2695 fiebant
1525 2663 1722 2710 tempore
1760 2666 1854 2702 suo,
1893 2649 1969 2692 sed

447 2727 566 2770 Deus
593 2725 860 2786 propicietur
878 2725 1023 2767 anime
1050 2726 1159 2782 ejus.
1194 2725 1249 2766 Et
1270 2723 1383 2766 inter
1403 2733 1560 2776 cetera,
1593 2721 1730 2781 cogita
1765 2721 1819 2763 de
1844 2719 1970 2763 debi-

497 2934 575 2972 xl.
604 2935 615 2956 ¹
632 2934 726 2980 (non
748 2932 930 2967 debemus
949 2950 992 2958 —
1015 2931 1182 2977 auferre)
1208 2942 1275 2965 nec
1300 2929 1481 2965 debemus
1503 2940 1594 2975 ergo
1619 2927 1820 2974 quicquam
1848 2925 1895 2961 ab
1916 2925 1973 2961 eis

502 3067 539 3090 a.
569 3055 606 3090 S.
629 3054 835 3100 Augustini
855 3054 986 3089 Sermo
1008 3052 1180 3088 LXXVII
1200 3052 1245 3097 (A
1277 3052 1420 3098 pend.),
1439 3054 1483 3087 P.
1497 3053 1593 3091 L.‚t.
1612 3051 1818 3092 XXXVIII,
1832 3063 1868 3097 p.
1887 3051 1972 3087 301.

458 3123 500 3132 -
535 3102 569 3140 b.
593 3102 680 3138 Job.
704 3102 855 3140 XXVII.
880 3102 936 3138 19.
966 3121 1012 3129 —-
1034 3113 1064 3136 c.
1088 3101 1154 3140 Ps,
1186 3065 1333 3143 LXXV,
1355 3102 1388 3140 6.
1421 3119 1462 3126 —-
1483 3098 1521 3134 d.
1554 3099 1616 3139 Ps.
1640 3098 1884 3141 XLVI11,18,
1914 3098 1972 3136 19.
