2314 3736
1098 313 1337 355 —136-

511 401 603 447 IX.
639 403 846 446 Dicerem
872 401 983 444 forte
1009 401 1144 461 aliqui
1172 402 1226 444 de
1255 400 1441 444 consilio
1473 411 1565 453 tuo,
1606 398 1684 442 tibi
1710 398 1971 458 applauden-

454 484 532 524 teS,
559 473 725 516 inimici
752 475 854 516 Jesu
878 472 1042 516 Christi
1067 484 1110 515 et
1137 472 1301 515 inimici
1323 471 1468 514 anime
1494 482 1583 523 tue,
1607 469 1660 512 de
1681 469 1841 528 quibus
1866 468 1973 512 dici-

453 555 525 586 tur
557 543 600 586 in
639 544 865 602 psalm00:
909 545 1027 586 Deus
1061 544 1286 602 dissipavit
1312 558 1414 584 ossa
1444 557 1610 594 eorum,
1634 544 1711 600 qui
1735 540 1975 582 hominibus

444 616 622 673 placent
637 629 653 667 ;
680 630 782 673 ergo
803 625 850 657 tu
873 630 961 657 non
983 613 1067 656 eris
1094 630 1167 656 rex
1190 614 1234 656 in
1258 624 1370 655 terra
1404 624 1493 664 tua,
1525 627 1603 654 nec
1633 610 1824 654 invenies
1853 625 1975 653 escu-

451 685 567 727 lenta
607 696 650 727 et
682 685 910 744 poculenta
941 696 983 727 et
1022 684 1105 727 alia
1144 684 1223 727 tibi
1264 683 1517 726 necessaria.
1561 683 1615 724 Et
1648 697 1726 741 ego
1752 681 1849 723 dico
1876 679 1972 734 tibi,

451 771 596 798 coram
624 757 734 806 Deo,
766 755 885 814 quod
913 755 947 798 si
976 755 1166 814 populus
1188 755 1301 797 foret
1320 765 1479 806 certus,
1510 753 1629 812 quod
1651 752 1763 794 nihil
1782 749 1976 794 debonis

453 842 603 869 eorum
631 837 858 885 caperetur
878 837 1028 869 contra
1055 842 1206 869 eorum
1229 826 1517 876 voluntatem,
1547 822 1692 866 omnia
1728 822 1806 865 tibi
1830 837 1975 864 neces-

452 896 564 939 saria
587 895 807 948 afferrent,
832 896 960 939 etiam
982 896 1036 938 ad
1063 907 1233 955 portam
1256 907 1392 948 tuam,
1423 911 1501 937 nec
1525 905 1697 954 oportet
1724 908 1904 952 querere
1931 891 1975 934 in

451 967 591 1026 patria
612 967 725 1010 sicut
747 967 893 1010 modo.
918 967 990 1010 Nil
1018 978 1230 1026 temptare
1258 978 1397 1010 nocet.
1433 967 1488 1008 Et
1514 981 1671 1008 moneo
1699 975 1754 1016 te,
1793 974 1841 1006 ut
1866 963 1976 1006 salu·

454 1037 589 1080 briter
608 1037 768 1097 cogites
789 1038 842 1080 de
863 1038 1001 1080 salute
1021 1038 1166 1080 anime
1188 1049 1275 1091 tue,
1297 1036 1507 1096 quicquid
1537 1035 1684 1078 fecerit
1710 1045 1831 1093 pater
1856 1045 1972 1076 tuus.

455 1108 632 1151 Utinam
664 1120 834 1151 tantum
873 1108 1083 1167 cogitares
1119 1108 1229 1151 circa
1268 1109 1449 1150 salutem
1489 1106 1633 1149 anime
1668 1117 1755 1157 tue,
1792 1105 1904 1147 sicut
1935 1114 1978 1147 et

453 1195 548 1238 ego.
581 1180 694 1222 Illud
716 1180 832 1221 enim
856 1179 1134 1222 maledictum
1163 1179 1487 1238 prerogativum
1509 1177 1630 1220 curie
1658 1188 1745 1228 tue,
1780 1175 1978 1218 videlicet

452 1266 605 1309 capere
631 1267 696 1292 res
716 1250 882 1308 aliquas
903 1266 982 1309 pro
1006 1250 1162 1293 minori
1192 1250 1351 1309 piccio,
1376 1266 1505 1308 quam
1538 1247 1735 1291 venditor
1755 1246 1856 1289 velit
1876 1246 1977 1288 dare

453 1337 596 1364 coram
624 1322 718 1363 Deo
738 1321 986 1364 damnabile
1013 1333 1092 1366 est.
1123 1321 1208 1363 Sed
1232 1321 1360 1363 modo
1381 1331 1445 1362 est
1465 1331 1634 1362 tantum
1661 1318 1913 1361 induratum
1935 1327 1978 1359 et

454 1392 663 1435 usitatum
692 1391 736 1434 in
769 1392 885 1434 curia
911 1391 1023 1445 tua¹,
1060 1403 1102 1434 et
1133 1391 1361 1451 tempore²
1392 1391 1527 1450 patris
1558 1390 1622 1433 tui
1658 1402 1700 1432 et
1737 1389 1819 1442 avi,
1855 1387 1974 1447 quod

451 1465 542 1521 jam
577 1462 749 1506 duravit
781 1479 859 1522 per
891 1462 1177 1521 quadraginta
1211 1479 1364 1506 annos.
1406 1463 1461 1505 Et
1492 1461 1553 1504 sic
1592 1461 1763 1504 videtur
1799 1458 1975 1519 prescri-

456 1545 582 1592 ptum
602 1533 711 1576 illud
734 1533 1012 1576 maledictum
1035 1533 1373 1593 prerogativum.
1397 1535 1706 1576 Verumtamen
1723 1529 1976 1589 hujusmodi

459 1604 715 1663 prescripcio
751 1621 838 1647 non
867 1616 986 1647 tenet
1021 1605 1074 1647 de
1102 1606 1218 1663 jure,
1251 1621 1328 1647 nec
1360 1616 1424 1646 est
1452 1604 1638 1662 alicujus
1671 1602 1844 1654 valoris,
1874 1600 1977 1659 quia

456 1687 519 1718 est
539 1686 688 1718 contra
712 1677 786 1734 jus
806 1675 1004 1718 divinum
1032 1687 1074 1718 et
1102 1675 1387 1727 humanum⁸‚
1422 1686 1464 1717 et
1490 1675 1619 1717 etiam
1654 1685 1802 1717 contra
1837 1688 1976 1715 mores

457 1747 612 1789 bonos.
646 1747 828 1806 Propter
851 1747 986 1805 quod,
1010 1747 1107 1789 dico
1130 1747 1224 1798 tibi,
1257 1746 1433 1788 domine
1454 1746 1511 1788 mi
1533 1762 1624 1797 rex,
1646 1745 1766 1804 quod
1800 1754 1978 1804 propter

460 1817 714 1875 hujusmodi
743 1817 1062 1877 prerogativum
1091 1817 1263 1860 infinite
1297 1818 1442 1859 anime
1481 1828 1583 1860 sunt
1616 1816 1659 1858 in
1692 1815 1881 1858 inferno.
1923 1815 1978 1856 Et

458 1888 555 1930 ideo
582 1904 682 1931 cave
702 1888 798 1940 tibi,
829 1899 871 1930 et
897 1900 1060 1931 statuas
1088 1888 1196 1930 illud
1220 1888 1496 1930 maledictum
1518 1886 1840 1946 prerogativum
1857 1884 1976 1944 quod

457 1959 511 2001 de
530 1971 672 2002 cetero
693 1959 944 2002 nullatenus
971 1958 1259 2003 observetur‘*.
1283 1958 1367 2001 Sed
1396 1958 1477 2000 hoc
1497 1958 1578 2000 erit
1611 1956 1799 1999 difficile.
1838 1955 1977 1998 Eccle-

457 2030 606 2073 siastes
618 2030 782 2089 plimo:
801 2032 1005 2074 Ρεννειεὶ
1018 2031 1196 2089 difficile
1208 2027 1531 2088 corriguntur-⁶.
1551 2026 1974 2070 Ecclesiasticixxm:

457 2102 596 2143 Homo
610 2111 804 2143 assuetus
824 2104 867 2142 in
883 2118 955 2144 vet
957 2102 1047 2143 bis
1031 2116 1313 2159 improperii
1335 2104 1379 2142 in
1399 2100 1593 2142 omnibus
1611 2099 1761 2141 diebus
1781 2105 1874 2140 suis
1892 2114 1979 2140 non

457 2173 723 2214 erudietur⁰.
750 2171 1084 2214 proverbiorum
1112 2188 1236 2214 xxm:
1263 2173 1424 2230 Impius
1443 2187 1535 2212 cum
1565 2174 1608 2213 in
1621 2170 1892 2229 profundum
1914 2185 1977 2212 ve-

458 2246 571 2285 nerit
594 2252 874 2300 peooatormn
905 2246 1178 2301 contempnit,
1210 2244 1287 2285 sed
1310 2252 1515 2301 sequetur
1544 2258 1640 2283 eum
1670 2243 1910 2299 ignominia
1939 2250 1980 2282 et

457 2312 779 2372 obprobrium.‘¹
807 2314 991 2356 Jeremie
1020 2331 1115 2356 xm:
1149 2315 1198 2356 Si
1229 2324 1402 2356 niutare
1432 2323 1574 2370 potest
1611 2313 1794 2370 Ethiops
1822 2311 1979 2369 pellem

457 2400 594 2437 suam,
610 2395 651 2426 et
654 2385 827 2442 pardus
848 2388 1082 2427 varietates
1095 2401 1213 2438 suas,
1244 2388 1306 2426 sic
1325 2394 1365 2426 et
1391 2400 1462 2427 vos
1483 2386 1685 2442 poteritis
1705 2383 1808 2425 bene
1828 2383 1980 2442 facere

459 2471 556 2498 cum
573 2456 816 2498 didiceritis
835 2455 995 2498 malum
1007 2460 1036 2498 ⁰.

506 2796 583 2833 IX.
612 2796 623 2818 ¹
639 2796 725 2842 (sed
745 2795 856 2828 modo
879 2815 923 2821 —
944 2794 1087 2828 incuria
1106 2794 1185 2840 tua)
1205 2799 1346 2828 tantum
1369 2799 1425 2827 est
1447 2793 1625 2827 usitatum
1644 2798 1680 2827 et
1699 2793 1916 2827 induratum
1942 2793 1981 2827 in

461 2849 522 2877 tua
544 2843 644 2877 curia
667 2843 711 2878 A.
735 2862 779 2868 —
800 2843 813 2864 ²
828 2843 883 2887 (et
903 2841 1090 2886 tempore)
1119 2854 1137 2875 a
1159 2847 1329 2887 tempore
1351 2840 1417 2874 Hb.
1449 2861 1496 2866 —
1512 2839 1528 2863 ³
1558 2840 1635 2885 (est
1656 2846 1784 2874 contra
1799 2841 1863 2886 jus
1884 2840 1980 2874 divi-

459 2902 548 2924 num
570 2896 606 2924 et
627 2890 847 2935 humanum)
868 2901 939 2923 om.
959 2889 1025 2922 Hb.
1048 2909 1093 2915 —
1110 2888 1298 2934 ⁴(statuas
1316 2907 1351 2914 —
1375 2887 1610 2933 nullatenus)
1632 2893 1775 2922 statuas
1796 2888 1897 2934 quod
1917 2887 1981 2922 hu·

455 2937 625 2983 jusmodi
640 2937 880 2971 maledictum
899 2936 1181 2982 prerogativum
1203 2936 1248 2969 de
1270 2941 1394 2969 cetero
1415 2935 1459 2969 A.

508 3066 545 3089 α.
574 3055 637 3088 Ps.
661 3054 778 3094 XLII,
799 3056 832 3090 6.
856 3074 900 3080 -
922 3053 956 3087 b.
981 3054 1103 3087 Eccle.
1127 3054 1156 3093 1,
1181 3055 1237 3089 15.
1260 3073 1305 3079 —
1321 3066 1350 3088 c.
1373 3053 1486 3087 Eccli.
1511 3053 1646 3092 XXIII,
1670 3054 1728 3088 20.
1745 3072 1787 3079 -
1806 3052 1844 3087 d.
1866 3053 1976 3087 Prov.

461 3102 598 3142 XVIII,
623 3103 655 3136 2.
681 3122 722 3128 -
745 3113 777 3136 e.
800 3101 877 3135 Jer.
901 3101 1004 3141 XIII,
1022 3102 1079 3136 23.
