2314 3736
943 319 1181 364 -161—

290 428 467 455 exosam
496 411 688 455 habuisti
716 412 990 470 disciplinam
1016 428 1156 454 meam
1183 421 1224 454 et
1250 415 1446 455 timorem
1481 429 1567 456 non
1591 419 1823 474 suscepisti

292 486 338 526 in
367 485 505 526 Deum
534 493 576 526 et
607 499 691 526 non
721 485 979 542 acquievisti
1014 482 1194 525 consilio
1221 483 1328 525 bono
1343 482 1371 526 ὁ.
1412 483 1521 526 Isaie
1556 501 1683 528 Lx111:
1719 489 1820 529 Dies

292 554 473 597 ulcionis
492 557 619 608 venit,
647 557 952 612 circumspexi,
979 563 1020 596 et
1047 569 1132 595 non
1152 564 1251 596 erat
1269 555 1511 598 auxiliator
1524 571 1542 610 ,·
1568 561 1744 615 quesivi,
1781 568 1823 601 et

290 641 378 667 non
408 635 504 668 erat
532 631 607 684 qui
641 626 872 684 adjuvaret
890 629 919 667 ⁰.
957 625 1012 667 Et
1046 624 1234 677 adverte,
1265 625 1441 668 domine
1468 643 1559 680 rex,
1589 627 1822 686 diligenter

290 696 418 739 ad'id
456 696 576 754 quod
617 698 722 739 Luc.
772 696 934 738 dicitur
973 694 1099 738 xwd:
1148 695 1279 738 Dives
1319 697 1498 755 quidam
1539 699 1682 741 noluit
1719 699 1822 742 dare

290 766 457 826 aliquid
483 766 655 809 cuidam
684 766 967 818 mendicanti,
992 766 1044 809 ad
1066 777 1237 825 portam
1259 769 1575 826 suamjacenfi,
1603 769 1822 814 ulceribus

291 837 436 896 pleno,
461 837 650 880 Moritur
670 837 743 880 ille
769 837 1011 889 mendicus,
1035 848 1078 879 et
1097 838 1152 880 ab
1175 838 1353 896 Angelis
1376 850 1576 897 portatur
1591 840 1639 883 in
1660 841 1818 886 celum.

289 909 480 951 Moritur
505 908 578 951 ille
598 908 733 963 dives,
758 919 801 951 et
826 908 1023 967 sepultus
1044 919 1108 951 est
1135 907 1178 950 in
1203 908 1391 953 inferno.
1421 911 1506 953 [ste
1533 911 1668 965 dives,
1693 923 1742 954 ut
1762 912 1822 955 ait

291 979 544 1039 Gregorius,
584 996 673 1022 non
700 991 764 1022 est
791 979 974 1038 punitus
1001 979 1103 1037 quia
1131 979 1270 1021 aliena
1292 981 1455 1039 rapuit,
1485 982 1559 1024 sed
1588 982 1690 1040 quia
1719 999 1819 1042 pro-

290 1051 382 1111 pria
416 1067 503 1093 non
539 1051 661 1093 dedit
687 1050 916 1110 indigenti.
955 1051 1053 1105 Qua
1093 1067 1195 1109 ergo
1228 1067 1339 1109 pena
1366 1052 1617 1110 puniendus
1650 1065 1714 1096 est
1745 1054 1821 1112 qui

289 1121 404 1181 capit
430 1123 543 1164 bona
570 1123 624 1164 ab
648 1121 908 1180 indigente?
942 1121 987 1163 Si
1021 1121 1224 1163 infernali
1251 1122 1537 1165 damnacione
1558 1125 1818 1182 percutitur,

289 1192 366 1251 qui
396 1192 572 1252 propria
609 1191 822 1250 indigenti
856 1208 945 1234 non
973 1191 1170 1250 largitur.
1210 1193 1388 1236 Certum
1421 1205 1500 1245 est,
1534 1194 1655 1252 quod
1683 1195 1821 1238 multo

290 1265 453 1322 majore
479 1279 606 1322 pena,
639 1262 740 1321 quia
769 1262 813 1304 in
847 1262 1020 1305 inferno
1054 1262 1191 1305 multe
1219 1274 1323 1306 sunt
1354 1264 1523 1307 diverse
1550 1281 1676 1324 pene,
1710 1266 1822 1308 sicut

289 1335 335 1377 in
355 1334 447 1378 celo
473 1345 577 1377 sunt
603 1334 770 1377 diverse
790 1333 1054 1379 mansiones,

348 1476 505 1524 XLV.
541 1477 721 1530 Idcirco,
766 1493 922 1520 moneo
953 1488 1010 1531 te,
1051 1493 1141 1530 rex,
1176 1477 1335 1520 iterum
1374 1489 1504 1536 atque
1542 1478 1719 1532 iterum,
1763 1480 1820 1521 ob

290 1549 472 1592 salutem
490 1548 635 1591 anime
659 1560 748 1601 tue,
770 1559 820 1591 ut
841 1564 929 1591 non
950 1548 1173 1607 permittas
1193 1549 1248 1590 ab
1265 1549 1413 1607 aliquo
1435 1565 1501 1592 res
1521 1549 1684 1592 alienas
1705 1550 1816 1608 capi,

289 1636 370 1680 pro
392 1619 549 1662 minori
572 1620 717 1678 precio
739 1636 869 1678 quam
889 1619 1089 1662 venditor
1111 1619 1212 1662 velit
1225 1635 1294 1661 eas
1316 1620 1434 1662 dare.
1461 1621 1516 1662 Et
1537 1621 1612 1679 qui
1631 1621 1732 1663 huic
1753 1636 1820 1663 or-

290 1690 509 1734 dinacioni
537 1706 625 1733 non
653 1702 984 1743 consenserunt,
1015 1691 1282 1733 delebuntur
1302 1691 1355 1732 de
1374 1707 1557 1733 numero
1590 1691 1819 1734 salvando-

289 1777 405 1815 rum,
430 1763 556 1820 juxta
579 1761 688 1804 illud
723 1761 970 1804 Psalmiste:
996 1762 1237 1804 Delectatur
1274 1763 1328 1804 de
1361 1762 1472 1804 libro
1501 1765 1750 1816 vivencium,
1778 1773 1820 1805 et

290 1849 386 1875 cum
409 1835 546 1892 justis
570 1849 655 1875 non
681 1834 974 1876 scribantura.
1000 1832 1114 1886 Quia
1132 1832 1237 1875 tales
1264 1849 1351 1875 non
1373 1844 1476 1875 sunt
1493 1833 1618 1890 justi,
1643 1844 1687 1875 et
1703 1833 1817 1886 ideo,

289 1919 389 1946 cum
422 1903 599 1962 injustis
629 1905 947 1957 remanebunt3
989 1903 1165 1956 scilicet,
1204 1904 1250 1945 in
1282 1903 1454 1945 inferno
1490 1903 1565 1946 ubi
1605 1903 1725 1946 nulla
1757 1914 1822 1946 est

290 1974 548 2033 redemptio.
587 1974 671 2017 Sed
706 1974 955 2017 mirandum
988 1985 1068 2025 est,
1097 1985 1140 2016 et
1166 1974 1423 2026 dolendum,
1448 1985 1489 2016 et
1522 1990 1611 2016 non
1652 1974 1821 2016 modica

290 2045 597 2088 ammiracione
616 2044 882 2097 mirandum,
907 2056 949 2087 et
970 2045 1103 2087 eciam
1130 2040 1392 2097 dolendum,
1410 2061 1493 2103 qua
1516 2044 1711 2099 audacia,
1736 2061 1821 2104 qua

291 2116 548 2168 temeritate,
579 2132 667 2175 quo
698 2116 855 2175 spiritu
888 2115 1105 2158 diabolico
1136 2115 1273 2168 ducti,
1311 2116 1485 2158 maximi
1512 2115 1591 2158 viri
1620 2115 1818 2171 litterati,

290 2202 389 2230 cum
407 2187 586 2230 domino
607 2203 705 2246 rege
726 2198 961 2240 morantes,
990 2187 1155 2230 audent
1180 2187 1404 2229 comedere
1430 2187 1484 2229 de
1510 2187 1670 2230 talibus
1696 2186 1820 2245 galli-

292 2257 377 2310 nis,
412 2269 455 2301 et
477 2257 612 2309 aucis,
645 2269 687 2300 et
718 2257 871 2301 ceteris
903 2259 1050 2311 rebus,
1083 2257 1246 2316 injuste
1271 2257 1510 2315 acquisitis,
1539 2273 1638 2300 cum
1667 2268 1709 2300 et
1738 2257 1822 2316 ipsi

292 2326 417 2372 nullo
444 2329 575 2371 'modo
602 2340 786 2388 possunt
810 2329 1067 2388 pretendere
1088 2328 1400 2387 ignoranciam,
1431 2328 1533 2387 quia
1554 2329 1635 2371 hoc
1656 2339 1720 2370 est
1741 2344 1820 2370 no-

294 2400 474 2452 torium,
498 2400 597 2444 licet
617 2401 823 2443 dominus
854 2416 928 2443 rex
947 2399 1085 2459 possit
1104 2400 1362 2458 pretendere
1380 2399 1672 2459 ignoranciam
1691 2399 1820 2442 talem

294 2471 484 2530 qualem.
511 2471 687 2514 Utinam
722 2471 996 2514 adverterent
1034 2482 1078 2513 et
1115 2471 1409 2529 intelligerent
1435 2470 1617 2528 singulis
1648 2470 1817 2521 diebus,

294 2552 396 2584 ante
428 2541 676 2600 prandium,
710 2541 754 2584 id
780 2544 900 2600 quod
930 2541 1092 2584 dicitur
1118 2541 1195 2588 ibi,
1226 2543 1352 2599 juxta
1382 2540 1561 2583 Joannis
1588 2557 1674 2583 1111:
1707 2542 1822 2582 Deus

297 2615 462 2654 caritas
492 2622 569 2667 est,
603 2623 644 2655 et
669 2616 745 2672 qui
768 2622 913 2655 manet
939 2616 983 2655 in
1009 2619 1211 2666 caritate,
1250 2616 1294 2654 in
1321 2614 1412 2654 Deo
1448 2622 1606 2666 manet,
1639 2621 1679 2654 et
1709 2613 1822 2654 Deus

298 2689 343 2726 in
374 2680 463 2726 eo⁶.
501 2683 586 2725 Sed
612 2694 776 2726 certum
809 2695 888 2735 est,
924 2684 1042 2742 quod
1074 2683 1137 2725 illi
1171 2699 1258 2726 non
1297 2694 1400 2726 sunt
1432 2681 1478 2724 in
1517 2682 1709 2734 caritate,
1746 2681 1822 2740 qui

297 2753 580 2797 consentiunt
623 2754 878 2812 hujusmodi
924 2754 1223 2813 capcionibus,
1273 2770 1370 2796 cum
1416 2748 1736 2796 eonEentientes
1782 2763 1825 2795 et

298 2835 488 2884 agentes,
518 2825 612 2884 pari
641 2841 750 2884 pena
777 2825 865 2868 sint
891 2825 1119 2885 puniendi.
1152 2825 1206 2868 Et
1231 2825 1352 2883 quod
1385 2840 1473 2867 non
1509 2835 1612 2867 sunt
1637 2824 1684 2867 in
1712 2823 1824 2866 cari-

300 3033 348 3045 —
368 3011 406 3051 d.
430 3015 507 3051 Luc
528 3012 626 3058 XVI,
651 3015 776 3053 19-22

351 3122 388 3148 a.
411 3111 473 3146 Ps.
498 3109 668 3155 LXVIII,
686 3114 742 3147 29.
764 3132 810 3140 -—
833 3107 867 3148 b.
891 3107 1035 3150 1.J0an.
1060 3108 1124 3156 IV,
1145 3115 1202 3150 16.
1226 3128 1271 3140 ,....
1289 3107 1575 3153 0.1J0an.111,
1600 3109 1658 3147 17.

1592 3184 1635 3220 11
