2314 3736
975 359 1214 400 -169-

280 466 283 467 ⁷
327 451 459 493 timor
503 448 745 500 horribilis,
785 448 958 490 horrida
986 448 1094 490 visio
1129 448 1379 500 demonum,
1415 445 1612 489 confusio
1656 446 1854 505 peccato-

327 538 439 574 rum,
460 521 710 579 desperacio
738 520 931 562 omnium
963 521 1191 563 bonorum.
1226 520 1288 561 Ac.
1316 518 1546 561 novissima
1586 518 1853 576 provideres,

327 592 505 644 scilicet,
531 602 712 633 mortem
737 602 854 633 tuam
881 606 965 648 que
991 591 1135 632 subito
1157 590 1300 632 veniet
1318 601 1361 632 et
1387 589 1566 631 forsitan
1597 589 1728 631 hodie
1753 590 1850 632 erit.

327 664 506 707 Certum
534 673 598 704 est
633 662 766 713 enim,
805 661 923 719 quod
958 661 1155 703 morieris
1194 661 1267 703 sed
1305 661 1517 702 incertum
1547 669 1625 711 est,
1660 661 1852 719 quando,

326 745 401 777 aut
429 732 662 792 quomodo,
689 733 751 775 vel
779 732 870 775 ubi.
897 733 1026 775 Certe
1051 732 1085 774 si
1108 732 1253 782 scires,
1278 731 1455 789 eligeres
1477 742 1518 773 et
1545 742 1712 773 teneres
1737 731 1855 773 illam

326 805 438 848 viam
478 820 563 863 que
601 804 720 846 ducit
742 803 794 846 ad
816 803 970 855 celum,
995 814 1037 845 et
1063 803 1328 861 relinqueres
1356 802 1489 853 illam,
1521 818 1604 860 que
1643 802 1762 844 ducit
1799 802 1853 844 ad

325 876 561 919 infernum.
586 875 687 926 Sed,
718 885 832 916 recta
853 874 917 916 via
940 874 992 916 ad
1014 874 1168 925 celum,
1194 885 1258 916 est
1284 889 1454 916 servare
1472 873 1672 916 mandata
1707 874 1788 916 Dei
1811 885 1854 916 et

326 947 392 989 via
420 946 470 988 ad
501 946 740 999 infernum,
773 956 836 988 est
863 961 950 987 non
987 961 1155 987 servare
1188 945 1282 988 illa.
1326 945 1468 997 Unde,
1505 945 1618 986 inter
1654 945 1851 987 mandata

325 1018 424 1070 Dei,
456 1028 505 1060 ut
531 1017 690 1059 dicitur
717 1017 858 1059 Exodi
884 1034 936 1058 xx
951 1014 979 1070 ὁ,
1006 1027 1049 1058 et
1074 1016 1127 1058 ad
1156 1018 1373 1058 Romanos
1394 1033 1484 1066 xm,
1515 1026 1579 1057 est
1598 1032 1749 1067 unum,
1777 1017 1853 1058 sci-

325 1089 457 1131 licet:
495 1105 582 1131 non
615 1091 891 1146 concupisces
922 1103 1012 1130 rem
1048 1090 1246 1145 proximi
1283 1089 1384 1130 tui0.
1434 1087 1564 1145 Ergo,
1599 1102 1685 1128 non
1721 1086 1853 1129 debes

325 1176 476 1219 capere
498 1176 564 1202 res
589 1159 764 1201 alterius
794 1175 873 1218 pro
903 1159 1061 1201 minori
1095 1158 1238 1216 precio
1272 1174 1400 1216 quam
1433 1157 1634 1199 venditor
1667 1155 1852 1200 voluerit

325 1231 428 1273 dare
455 1231 550 1275 tibi.
584 1230 710 1284 Quod
742 1230 774 1272 si
804 1230 970 1277 feceris,
995 1229 1060 1271 vel
1077 1229 1233 1288 aliquis
1260 1240 1449 1280 tuorum,
1469 1240 1511 1270 te
1528 1228 1847 1279 consenciente,

326 1313 429 1344 tunc
464 1318 508 1344 es
542 1302 588 1344 in
625 1302 690 1344 via
723 1301 775 1344 ad
825 1302 1060 1343 infernum.
1106 1300 1218 1354 Quia
1247 1316 1342 1342 cum
1389 1299 1622 1341 offenderis
1662 1299 1705 1340 in
1744 1315 1848 1350 uno,

329 1373 466 1416 factus
493 1389 537 1415 es
563 1374 756 1415 omnium
794 1389 907 1425 reus,
950 1373 1050 1430 quia
1087 1372 1227 1414 omnis
1267 1372 1404 1413 virtus
1437 1371 1601 1429 patitur
1638 1369 1852 1412 defectum

324 1445 379 1487 ab
405 1461 493 1487 uno
522 1445 648 1487 vicio.
689 1446 805 1487 Dum
839 1446 955 1487 enim
986 1444 1030 1485 in
1070 1459 1159 1485 uno
1191 1453 1364 1501 peccato
1404 1458 1664 1500 perseveras,
1704 1441 1847 1483 omnia

325 1516 438 1558 bona
478 1515 638 1575 perdis.
680 1515 966 1558 Ecclesiastici
1003 1531 1077 1558 1x:
1118 1515 1205 1572 Qui
1232 1520 1276 1555 in
1304 1530 1386 1555 uno
1413 1516 1671 1571 peccaverit,
1710 1514 1852 1554 malta

325 1587 435 1630 bona
451 1586 649 1646 perdetd.
687 1588 742 1629 Et
768 1586 882 1639 ideo,
904 1602 983 1646 pro
1015 1586 1151 1629 salute
1180 1585 1323 1627 anime
1351 1595 1439 1637 tue,
1471 1584 1602 1642 eligas
1629 1583 1710 1626 tibi
1739 1583 1851 1625 viam

324 1674 410 1717 que
431 1658 550 1701 ducit
576 1658 628 1701 ad
649 1658 804 1712 celum,
835 1658 1012 1710 scilicet,
1041 1668 1088 1699 ut
1108 1656 1229 1699 nullo
1255 1655 1386 1698 modo
1408 1655 1648 1714 permittas,
1667 1670 1734 1696 res
1749 1653 1852 1696 alte-

325 1729 416 1772 rius
442 1730 537 1788 capi
564 1741 715 1772 contra
750 1745 871 1772 suam
901 1728 1184 1780 voluntatem,
1221 1726 1371 1770 saltem
1407 1738 1599 1785 tempore
1628 1725 1760 1784 pacis,
1792 1725 1852 1767 sic

326 1816 443 1844 nunc
469 1811 549 1854 est,
568 1801 823 1843 benedictus
842 1802 975 1843 Deus.
1002 1801 1056 1842 Et
1082 1799 1142 1841 sic
1162 1799 1325 1858 poteris
1340 1797 1351 1818 ¹
1383 1809 1424 1840 te
1445 1809 1591 1839 tenere
1608 1796 1653 1838 in
1680 1797 1747 1838 via
1768 1811 1852 1854 que

324 1871 445 1914 ducit
482 1871 536 1914 ad
562 1872 693 1914 vitam
720 1883 929 1914 eternam.
960 1871 1027 1913 Ad
1056 1886 1184 1929 quam
1206 1881 1248 1912 te
1276 1867 1507 1928 perducat²
1534 1868 1734 1911 Christus
1767 1866 1850 1908 Dei

326 1942 441 1986 filius
462 1943 538 2001 qui
560 1943 653 1985 sine
678 1942 766 1985 fine
786 1942 890 1985 vivit
918 1953 960 1984 et
980 1952 1146 2000 regnat.
1171 1942 1326 1983 Amen.

386 2014 618 2056 Erroribus
646 2013 864 2072 premissis
885 2013 1104 2063 correctis,
1135 2023 1177 2054 et
1203 2028 1225 2053 a
1249 2022 1290 2054 te
1324 2011 1462 2053 sancti
1494 2009 1702 2052 Ludovici
1737 2009 1850 2067 regis

327 2084 719 2127 ammonicionibus
740 2084 977 2137 inchoatis;
1002 2094 1043 2126 te
1063 2083 1229 2125 docebo
1258 2082 1445 2141 qualiter
1480 2083 1574 2123 Deo
1607 2091 1650 2122 et
1683 2079 1848 2138 populo

324 2155 611 2214 complacebis
638 2167 681 2197 et
700 2156 759 2197 sic
784 2166 942 2197 rectam
963 2156 1075 2197 viam
1103 2154 1157 2196 ad
1176 2154 1255 2196 celi
1275 2153 1479 2212 gaudium
1498 2151 1755 2194 ambulabis.
1779 2150 1844 2192 Ad

324 2226 442 2284 quod
460 2237 502 2269 te
522 2226 729 2285 perducat
750 2226 965 2269 Dominus
986 2236 1134 2268 noster
1160 2227 1280 2267 Jesus
1309 2224 1526 2267 Christus.
1552 2223 1707 2266 Amen.

372 2366 492 2404 LIII.
521 2368 532 2390 ¹
549 2367 619 2402 Dei
639 2368 766 2414 gracia
784 2367 877 2402 add.
903 2368 960 2408 R„
986 2367 1053 2401 Hb.
1076 2387 1119 2393 —
1140 2365 1156 2390 2
1173 2366 1226 2412 (te
1255 2365 1455 2411 perducat)
1473 2365 1537 2411 qui
1559 2364 1640 2398 sine
1661 2365 1734 2398 fine
1756 2363 1849 2397 vivit

326 2420 362 2449 et
383 2420 518 2461 regnat
538 2427 606 2461 per
622 2415 770 2450 infinita
790 2416 915 2450 secula
939 2416 1166 2455 seculorum,
1193 2414 1251 2455 R.,
1271 2413 1316 2447 A.

374 2544 411 2567 a.
440 2533 551 2567 Deut.
575 2532 727 2575 XXXII,
759 2534 816 2568 29.
847 2553 888 2560 —
911 2532 946 2567 b.
969 2533 1089 2567 Exod.
1118 2531 1197 2572 XX,
1229 2533 1285 2567 17.
1315 2550 1361 2557 ——
1382 2530 1527 2564 c.Rom.
1551 2528 1654 2570 XIII,
1684 2529 1719 2564 9.
1741 2548 1787 2554 -
1808 2526 1847 2561 d.

326 2579 450 2615 Eccle.
474 2581 538 2621 IX,
563 2583 621 2616 18.
