2444 3750
1263 346 1446 387 -4-

593 463 740 515 dedit.
766 469 889 514 Cum
920 472 1186 530 praeterea,
1217 462 1357 510 simul
1389 479 1499 510 cum
1526 460 1753 526 singulari
1784 460 2038 526 prudentia
2063 468 2113 508 et

593 571 779 602 summa
800 570 989 600 morum
1022 552 1289 616 integritate
1306 551 1340 610 ¹,
1375 550 1701 614 conjunxisset
1727 550 1962 614 insignem
1988 548 2114 596 mul-

591 650 751 690 tarum
777 659 941 689 rerum
962 641 1228 698 scientiam,
1252 639 1311 686 ad
1326 639 1527 686 maxima
1556 639 1604 684 in
1629 638 1696 685 rei
1718 636 1936 702 publicae
1963 636 2114 684 admi-

592 731 876 778 nistratione
902 729 1126 777 obeunda
1152 729 1314 775 munia
1334 736 1532 775 vocatus
1562 735 1634 774 est
1661 745 1686 773 a
1720 743 1847 790 rege,
1870 734 2115 790 postremo

591 818 651 867 ab
683 819 855 867 eodem
885 818 1269 883 archiepiscopus
1301 816 1659 864 Cantuariensis
1688 814 1980 879 designatus.
2009 816 2115 861 Non

592 915 753 955 autem
772 908 873 972 ipse
892 915 1082 954 tantum
1099 906 1367 953 doctrinam
1388 912 1671 969 prosecutus
1691 911 1766 950 est
1785 918 1973 949 summo
1988 918 2113 948 amo-

591 999 664 1052 re,
687 993 772 1041 sed
800 1003 851 1041 ut
870 993 1009 1040 multi
1034 994 1083 1039 in
1114 992 1282 1039 studiis
1305 999 1629 1048 versarentur,
1658 990 1876 1047 tentavit,
1912 988 2117 1053 pecunia
2169 1006 2171 1009 ’

591 1091 640 1131 et
665 1082 806 1130 laude
828 1082 939 1129 viris
961 1081 1177 1129 litteratis
1204 1096 1494 1145 magnopere
1519 1077 1761 1136 donanda,
1791 1076 2011 1125 efficere'
2036 1096 2079 1124 ».

655 1174 712 1218 In
729 1170 991 1218 Oxoniensi
1005 1169 1253 1217 Academia
1268 1167 1527 1233 pulchrum
1541 1166 1795 1230 collegium
1811 1164 2111 1223 aedificavit⁸‚

596 1260 673 1307 cui
697 1258 790 1307 hoc
807 1275 986 1306 nomen
1013 1257 1172 1305 dedit:
1205 1260 1579 1304 Cantauriensis
1604 1254 1768 1302 auid.
1806 1258 1935 1301 Inter
1954 1261 2113 1301 cetera

591 1347 718 1395 dona
738 1364 892 1412 eaque
925 1346 1187 1412 praeclara,
1216 1362 1341 1410 quae
1365 1363 1392 1392 a
1413 1347 1515 1391 Deo
1535 1351 1802 1408 acceperat,
1825 1342 2115 1408 singularem

595 1434 761 1483 habuit
789 1433 1096 1500 praedicandi
1122 1432 1256 1481 verbi
1287 1433 1435 1480 divini
1454 1433 1671 1497 gratiam,
1694 1440 1741 1479 et
1760 1432 1996 1496 insignem
2015 1433 2112 1478 ani·

594 1540 782 1572 marum
802 1523 976 1571 zelum.

655 1616 785 1660 Haec
807 1610 987 1660 referre
1007 1627 1183 1677 operae
1203 1610 1411 1676 pretium
1437 1625 1541 1657 esse
1561 1608 1675 1656 duxi
1700 1618 1747 1656 et
1766 1609 1913 1656 cuivis
1934 1609 2112 1674 legenti

589 1717 882 1767 proponere,
934 1717 1032 1765 quo
1075 1699 1258 1747 facilius
1299 1699 1449 1764 possit
1495 1717 1515 1742 «
1565 1698 1763 1762 Specali
1809 1702 1954 1761 Regis
2006 1698 2114 1744 Ed-

591 1790 755 1837 wardi
777 1794 863 1836 III
879 1807 901 1835 >³
924 1789 1207 1854 scriptorem
1231 1787 1387 1852 qualis
1413 1788 1472 1834 sit
1497 1803 1788 1852 cognoscere
1805 1786 1836 1833 ὃ.

645 2010 681 2050 1.
712 2010 858 2060 Anglia
875 2013 1014 2057 Sacra,
1037 2015 1065 2048 t.
1090 2008 1142 2053 ΙΙ,
1161 2021 1200 2059 p.
1228 2008 1276 2045 43
1295 2022 1304 2045 ι
1327 2006 1444 2044 homo
1464 2006 1621 2058 quidem
1650 2009 1732 2044 Deo
1752 2006 1914 2043 devotus
1936 2014 1972 2044 et
1991 2005 2113 2044 homi·

588 2068 703 2108 nibus
721 2069 922 2120 gratiosus.
946 2089 998 2096 --
1017 2071 1060 2106 F.
1083 2066 1240 2118 Philips‚
1272 2067 1347 2104 The
1366 2067 1580 2116 antiquit-7,
1619 2067 1799 2115 legality,
1832 2078 1981 2114 reason,
2017 2066 2114 2112 duty·

589 2129 672 2166 and
690 2129 880 2176 necessity
907 2125 954 2177 of
981 2127 1222 2178 preemption
1249 2126 1332 2162 and
1353 2138 1597 2175 purveyance
1617 2123 1687 2174 sor
1718 2125 1778 2160 tlte
1798 2126 1932 2174 King.‚
1955 2138 1995 2176 p.
2022 2126 2112 2169 177,

593 2186 683 2228 ...in
703 2199 814 2237 many
834 2186 963 2236 things
985 2199 1007 2223 a
1027 2198 1115 2223 man
1138 2182 1284 2238 (Simon
1312 2184 1416 2235 Islip)
1449 2185 1491 2221 of
1506 2197 1525 2221 a
1553 2196 1683 2221 severe
1710 2183 1773 2220 life
1799 2184 1874 2221 and
1895 2182 2112 2234 discipline.

589 2268 642 2277 —
660 2248 829 2284 Litterae
860 2246 1170 2290 cantuarienses,
1201 2243 1241 2281 in
1273 2243 1396 2281 lucem
1423 2243 1548 2281 editae
1579 2256 1602 2280 a
1639 2244 1673 2279 J.
1698 2244 1740 2280 B.
1762 2242 1963 2318 Shelppard
1991 2241 2114 2293 (Rolls

589 2304 735 2355 series),
757 2312 787 2344 t.
811 2306 861 2351 ΙΙ,
883 2317 950 2355 pp.
975 2305 1065 2350 308,
1091 2304 1180 2341 394.
1761 2351 1764 2352 ⁷

643 2365 683 2402 2.
714 2364 867 2402 Archiv.
890 2364 1056 2414 capituli
1074 2364 1166 2401 eccl.
1195 2366 1396 2409 cantuar„
1427 2363 1522 2410 Reg.
1549 2362 1592 2405 L,
1622 2360 1686 2398 fol.
1712 2361 1776 2400 88.
1803 2359 1944 2397 Littera
1963 2358 2113 2410 suppli-

589 2422 733 2461 catoria
762 2421 927 2460 Simonis
948 2421 1040 2472 Islip
1068 2420 1189 2458 archi.
1219 2433 1289 2471 pro
1317 2419 1512 2457 monachis
1533 2418 1725 2456 mittendis
1744 2419 1793 2455 ad
1820 2417 2111 2456 universitates:

588 2481 735 2519 Dilecte
755 2480 822 2528 fili,
849 2492 935 2518 cum
949 2481 1065 2518 decor
1078 2479 1198 2517 nostri
1214 2477 1432 2516 monasterii
1453 2478 1493 2515 in
1512 2477 1708 2515 monachis
1726 2477 1936 2514 litterarum
1957 2475 2114 2514 scientia

588 2540 774 2592 praeditis
792 2539 986 2585 consistat,
1012 2538 1179 2577 maxime
1205 2537 1251 2575 iis
1278 2537 1428 2584 diebus,
1451 2536 1842 2588 improbaveruntque
1874 2535 1982 2573 multi
2002 2534 2114 2573 nobis

589 2599 694 2650 quod
717 2596 890 2649 juniores
909 2597 1118 2636 monachos
1143 2596 1182 2634 in
1209 2596 1466 2635 Universitate
1492 2596 1687 2633 studentes
1710 2607 1787 2632 non
1806 2594 2036 2633 habemus...
2061 2615 2114 2622 —

588 2659 756 2695 Litterae
787 2659 1097 2703 Catztuarienses,
1121 2663 1148 2696 t.
1174 2657 1225 2701 11,
1258 2669 1296 2706 p.
1329 2657 1420 2694 332.
1442 2677 1493 2683 -
1523 2656 1587 2692 W.
1621 2656 1663 2693 F.
1689 2654 1815 2699 IIook‚
1850 2655 1955 2691 Lives
1985 2650 2033 2702 of
2052 2653 2113 2690 the

586 2716 844 2766 Archbisltops
859 2713 907 2766 of
923 2715 1173 2762 Canterbury,
1201 2722 1229 2752 t.
1256 2716 1320 2762 lv,
1344 2728 1382 2765 p.
1411 2715 1499 2752 129.

643 2776 680 2814 3.
711 2776 863 2812 Archiv.
903 2775 1068 2824 capitali
1102 2776 1196 2811 eccl.
1236 2777 1437 2819 cantuar„
1478 2775 1573 2822 Reg.
1614 2774 1661 2816 R,
1706 2771 1770 2809 fol.
1813 2772 1858 2809 67
1882 2786 1890 2814 ;
1929 2772 2026 2820 Reg.
2064 2771 2109 2814 B,

587 2833 654 2871 ubi
677 2833 795 2871 multa
815 2832 954 2884 passim
974 2833 1022 2870 de
1052 2848 1068 2867 «
1093 2830 1358 2870 Cantuariensi
1378 2831 1464 2868 aula
1488 2846 1523 2875 »‚
1546 2829 1803 2880 reperiuntur.
1832 2850 1884 2857 —
1912 2833 2109 2878 Reges-tum

587 2893 754 2928 Simonis
780 2893 875 2943 Islip
899 2891 1097 2942 (Lambeth
1120 2888 1283 2942 Palaee),
1309 2889 1373 2927 fol.
1406 2890 1496 2927 213.
1524 2911 1576 2916 —
1595 2890 1762 2925 Litterae
1795 2889 2106 2934 cantuarienses,

585 2956 615 2988 t.
636 2952 685 2998 11,
710 2963 775 3001 pp.
797 2965 891 2998 xxv,
917 2964 1030 2988 xxix.
1046 2971 1098 2978 —
1116 2951 1288 2996 Somner,
1317 2948 1554 2997 Antiqziities
1581 2944 1628 2996 of
1653 2945 1904 2995 Canterbury,
1932 2953 2031 2997 part.
2054 2947 2108 2991 11,

584 3020 626 3059 p.
649 3009 740 3048 207.
762 3031 814 3037 —
839 3010 980 3059 Anglia
1000 3013 1139 3056 Sacra,
1162 3015 1191 3045 t.
1215 3008 1265 3052 11,
1288 3020 1326 3057 p.
1352 3008 1416 3045 46.

640 3068 677 3105 4.
710 3067 834 3106 Hodie
856 3082 874 3102 ιι
900 3067 1135 3115 Canterbury
1155 3066 1401 3116 quadrangle
1420 3080 1455 3112 n,
1479 3064 1519 3102 in
1538 3063 1697 3113 collegio
1718 3062 1871 3109 Christi.
1890 3062 2046 3104 Oxonii'.

638 3128 676 3165 5.
705 3129 815 3165 Teste
835 3128 898 3164 W.
925 3127 968 3165 F.
992 3126 1117 3173 Hook,
1146 3139 1207 3176 op.
1241 3126 1325 3174 cit„
1356 3131 1386 3162 t.
1423 3125 1486 3171 lv,
1522 3134 1564 3175 p.
1601 3123 1691 3170 130,
1725 3122 1825 3160 inter
1855 3134 1988 3160 omnes
2022 3121 2104 3160 sive
