2444 3750
1287 367 1499 408 -20-

627 506 738 554 rege
759 486 1109 536 Lincolniensis
1130 487 1382 551 episcopus
1402 485 1650 550 legationis
1669 502 1808 535 causa
1830 487 2001 535 missus
2020 496 2146 536 esset

628 579 675 624 in
717 598 737 622 «
766 586 926 642 partes
965 596 986 619 »
1026 573 1353 633 Brabantiae¹,
1391 573 1493 636 ejus
1528 574 1652 632 loco,
1683 591 1836 622 novus
1864 576 2064 623 vicarius
2088 575 2149 624 ad

631 683 858 730 magnum
891 663 1196 712 parliamenti
1223 662 1490 710 Concilium
1520 664 1683 710 venire
1708 663 1868 726 jussus
1893 673 1982 712 est.
2007 663 2151 724 Quod

629 754 902 802 luculenter
923 761 1159 800 testantur
1187 751 1372 799 litterae
1398 768 1508 798 cum
1528 751 1617 798 hac
1643 753 1950 817 inscriptione
1969 752 2108 801 datae
2134 769 2146 800 ε

634 864 655 890 «
689 847 907 891 Henrico
928 846 1173 908 episcopo,
1202 840 1276 887 vel
1305 842 1416 903 ejus
1436 844 1618 887 vicario
1634 841 1879 904 generali,
1916 845 2023 906 ipso
2049 845 2148 906 epi·

630 952 652 979 <1
688 948 836 996 scopo
858 935 908 977 ιή
929 934 1126 977 remotis
1147 939 1322 992 agente
1336 928 1350 951 ²
1374 947 1416 975 ».

689 1024 759 1067 Ex
788 1019 962 1085 quibus
993 1035 1104 1066 cum
1140 1026 1317 1083 pateat,
1346 1016 1405 1064 ab
1439 1034 1569 1064 anno
1601 1020 1719 1065 1337
1758 1018 2001 1066 Simonem
2036 1017 2150 1084 Islip

627 1110 911 1174 suscepisse,
942 1125 1031 1173 pro
1057 1124 1142 1154 sua
1164 1115 1315 1171 parte,
1347 1105 1556 1171 aliquam
1585 1107 1655 1153 rei
1680 1105 1900 1171 publicae
1927 1106 2146 1154 adminis-

629 1197 830 1245 trandae
848 1213 1032 1254 curam,
1055 1212 1110 1243 ac
1126 1204 1379 1260 propterea
1401 1194 1482 1242 ille
1503 1196 1551 1241 in
1573 1196 1626 1241 iis
1646 1211 1762 1242 sane
1785 1195 2023 1258 adjunctis
2048 1213 2147 1244 ver·

627 1295 755 1333 satus
788 1287 848 1332 sit
874 1286 922 1331 in
952 1284 1126 1350 quibus
1153 1283 1268 1349 quid
1307 1283 1366 1331 de
1393 1283 1537 1331 modo
1572 1283 1743 1348 agendi
1777 1285 1901 1349 regis
1930 1285 2076 1349 ipsius
2102 1293 2151 1332 ct

625 1375 728 1437 ejus
740 1375 1069 1421 ministrorum
1083 1374 1299 1431 sentiret,
1314 1372 1429 1437 quid
1444 1373 1491 1419 in
1503 1381 1751 1437 posterum
1765 1390 1866 1420 esse
1879 1371 2151 1420 faciendum

624 1464 935 1520 existimaret,
961 1461 1152 1527 publice
1169 1460 1412 1508 declarare
1432 1460 1633 1520 valeret,
1664 1470 1851 1526 tempus
1872 1462 2014 1526 igitur
2035 1461 2151 1509 illud

623 1560 726 1598 erat
769 1551 1109 1598 faustissimum
1159 1548 1425 1597 lacessendi
1463 1550 1857 1614 procurationum
1903 1550 2028 1612 jura,
2080 1558 2150 1598 tot

626 1639 864 1687 malorum
897 1640 1032 1704 quasi
1062 1638 1287 1686 radicem.
1314 1642 1377 1686 Ut
1396 1639 1560 1703 paucis
1585 1639 1746 1685 omnia
1771 1637 1944 1697 dicam,
1967 1648 2089 1698 tum,
2112 1639 2150 1686 si

627 1745 860 1793 unquam,
879 1736 989 1775 nata
1003 1736 1105 1775 erat
1119 1727 1453 1792 opportunitas
1467 1727 1670 1791 Speculi
1681 1731 1826 1791 Regis
1842 1726 2144 1775 conficiendi.

689 1821 765 1876 At,
790 1818 827 1864 si
853 1816 929 1864 vel
958 1834 1016 1864 ex
1048 1817 1258 1864 externis
1290 1816 1525 1878 adjunctis
1557 1817 1827 1863 insinuatur
1867 1834 1996 1864 anno
2029 1820 2148 1866 1337

626 1907 956 1970 conscriptum
998 1922 1103 1953 esse
1153 1904 1370 1952 libellum
1419 1905 1644 1964 Simonis,
1689 1904 1815 1952 idem
1866 1922 2147 1970 persuasum

624 1995 775 2059 magis
814 1995 921 2052 erit,
963 1995 1002 2041 si
1041 2010 1163 2058 opus
1195 1994 1352 2058 ipsum
1390 1993 1695 2040 adiverimus.
1732 1997 1851 2041 Nam
1885 1994 1934 2040 in
1976 2011 2146 2042 recen-

629 2084 767 2129 sione
804 2086 840 2129 A
867 2083 1088 2147 scriptor,
1121 2090 1173 2128 ut
1198 2081 1485 2128 Edwardum
1512 2081 1727 2146 impellat
1761 2083 1843 2146 qui
1884 2099 1934 2129 se
1959 2091 2147 2147 gratum

627 2170 852 2218 exhibeat
879 2172 928 2217 in
965 2174 1140 2227 Deum,
1189 2179 1538 2218 commemorat
1573 2187 1685 2217 eum
1722 2188 1748 2217 a
1781 2174 1883 2218 Deo
1921 2170 2148 2218 eductum

623 2276 728 2307 esse
753 2261 858 2306 «de
878 2270 1012 2306 terra
1035 2263 1244 2323 Egypti,
1271 2260 1334 2306 de
1357 2260 1504 2306 domo
1532 2259 1800 2306 ειεννιίιιιιζς8
1829 2278 1874 2323 '?s·
1906 2258 2033 2319 Quid
2060 2258 2148 2307 sibi

626 2347 797 2395 volunt
834 2348 944 2395 talia
991 2347 1167 2395 verba?
1202 2351 1274 2394 De
1307 2363 1517 2411 quanam
1548 2355 1675 2394 terra
1708 2338 1925 2412 Aegypti,
1959 2355 2043 2394 aut
2088 2346 2148 2394 de

625 2453 835 2501 quanam
856 2437 1086 2483 servitute
1106 2435 1355 2500 loquitur?
1381 2439 1496 2483 Rem
1516 2435 1693 2482 claram
1713 2435 1870 2482 reddit
1895 2435 2119 2483 addendo
2134 2435 2149 2458 ⁴

630 2545 651 2569 «
682 2526 746 2572 de
764 2526 989 2572 custodia
1006 2529 1179 2572 matris
1200 2535 1282 2571 tue
1287 2558 1386 2572 .....
1422 2543 1444 2568 »
1475 2524 1654 2571 scilicet
1679 2523 1925 2571 Isabellae.

691 2613 910 2660 Edwardi
977 2614 1107 2661 enim
1174 2621 1326 2660 mater
1384 2611 1536 2659 filium
1597 2629 1757 2670 suum,
1808 2629 1906 2659 non
1963 2621 2151 2663 tantum

682 2781 716 2817 1.
750 2781 904 2829 Rymer,
930 2786 958 2816 t.
983 2780 1031 2823 ΙΙ,
1059 2786 1157 2829 part.
1190 2779 1242 2824 11,
1265 2791 1303 2829 p.
1335 2779 1426 2826 967,
1466 2790 1506 2828 p.
1533 2778 1607 2815 974
1659 2798 1711 2805 ——
1739 2780 1891 2826 Barnea,
1926 2781 2084 2828 History
2109 2775 2157 2828 of

626 2839 800 2876 Edward
818 2842 886 2883 ΙΙΙ,
911 2837 979 2875 lib.
1009 2839 1038 2882 1,
1062 2837 1189 2881 ch.x,
1205 2850 1243 2888 p.
1275 2838 1365 2876 109.
1389 2858 1440 2864 -
1463 2840 1575 2873 Gesta
1599 2836 1784 2873 Edwardi
1798 2842 1867 2877 III.
1887 2841 1986 2877 Rolls
2003 2840 2147 2886 Series,

625 2905 654 2935 t.
688 2899 740 2944 11,
765 2910 832 2948 pp.
871 2898 959 2940 127,
993 2898 1080 2936 133.
1115 2917 1166 2924 -
1198 2895 1337 2933 Adami
1358 2894 1643 2933 Murimutensis
1667 2896 1886 2942 chronicon,
1921 2897 2023 2936 edit.
2046 2910 2068 2935 a
2094 2898 2148 2937 M.

624 2955 861 3006 Thompsm,
885 2969 925 3006 p.
951 2958 1014 2996 80.

679 3015 718 3052 2.
751 3019 889 3064 Report
904 3028 950 3051 on
971 3015 1032 3051 the
1050 3014 1207 3064 dignity
1220 3011 1306 3062 osa
1322 3017 1430 3059 Peer,
1454 3019 1481 3050 t.
1507 3013 1573 3060 IV,
1595 3024 1685 3063 app.
1709 3013 1740 3051 1.

681 3075 717 3111 3.
750 3076 780 3110 A
801 3074 821 3122 ξ
844 3075 905 3110 14.

680 3132 717 3170 4.
752 3135 782 3168 Α
802 3133 822 3180 §
842 3133 906 3177 46,
934 3131 1064 3169 ultima
1086 3130 1217 3171 verba.
