2314 3736
1024 338 1261 380 —109—

373 431 507 482 cione,
532 430 775 471 restitueta.
808 428 921 486 Ergo
943 439 1006 480 tu,
1032 444 1122 480 rex,
1154 428 1313 470 teneris
1335 427 1385 469 ad
1409 427 1731 469 estimacionem
1753 427 1901 486 damp-

372 515 530 541 norum
553 515 638 556 que
665 498 777 541 fiunt
800 514 876 557 per
895 509 966 540 tua
996 515 1149 557 pecora
1171 499 1214 540 in
1242 498 1412 556 pascuis
1430 508 1472 540 et
1488 498 1676 556 pasturis
1698 498 1901 543 aliorum.

373 571 498 620 Item,
529 569 658 612 vidue
690 581 732 611 et
770 569 941 628 pupillo
975 581 1017 611 et
1049 569 1317 628 pauperibus
1348 585 1436 611 non
1477 569 1669 621 nocebis,
1712 569 1831 627 quod
1868 570 1903 612 si

373 640 539 692 feceris,
569 640 822 682 clamabunt
855 640 909 681 ad
944 641 1088 682 Deum
1116 651 1158 682 et
1193 640 1285 698 ipse
1314 639 1518 681 exaudiet
1537 655 1626 684 eos.
1653 640 1774 693 Quot
1799 651 1904 682 sunt

371 726 472 770 ergo
494 710 622 754 vidue
648 721 691 752 et
710 726 921 769 pauperes
943 711 1026 753 hiis
1053 711 1207 753 diebus
1225 722 1373 753 contra
1397 721 1437 752 te
1463 710 1515 752 ad
1543 712 1686 753 Deum
1716 710 1901 753 claman-

373 792 436 824 tes
455 792 498 824 et
522 792 676 834 cetera,
699 781 773 839 viij
804 781 845 823 d'
867 797 950 840 que
970 792 1123 824 contra
1151 797 1293 824 mores
1314 782 1359 823 in
1388 781 1474 823 fine
1493 782 1674 840 capituli
1690 779 1720 838 ¹².

433 923 516 969 29.
553 924 707 966 Nonne
733 934 797 976 tu,
821 940 911 975 rex,
947 924 1149 966 astrictus
1171 940 1214 966 es
1241 923 1418 966 obedire
1448 923 1661 982 preceptis
1681 924 1763 966 Dei
1791 923 1902 966 sicut

373 1010 488 1038 unus
511 995 734 1037 rusticus?
761 995 888 1038 Certe
915 995 989 1047 sic,
1017 1005 1060 1037 et
1088 995 1133 1037 in
1156 1005 1326 1037 tantum
1355 995 1469 1053 plus,
1500 995 1545 1036 in
1573 1010 1703 1052 quam
1729 994 1851 1053 plura
1878 1010 1900 1036 a

372 1065 467 1108 Deo
496 1065 711 1124 recepisti,
737 1067 862 1123 juxta
890 1065 1000 1108 illud
1029 1066 1141 1108 Gen.
1180 1066 1355 1108 xxxixa.
1390 1066 1534 1107 Debes
1566 1065 1754 1124 cogitare
1780 1065 1900 1124 quod

374 1135 520 1179 omnia
551 1137 662 1179 bona
697 1147 769 1179 tua
807 1136 938 1179 habes
965 1153 987 1178 a
1021 1138 1136 1180 Deo.
1182 1130 1309 1179 Absit
1347 1152 1463 1195 ergo,
1507 1136 1624 1195 quod
1665 1136 1898 1195 quicquam

373 1206 547 1261 faceres,
582 1218 731 1250 contra
765 1209 859 1265 ejus
898 1207 1184 1259 voluntatem,
1230 1207 1341 1249 sicut
1380 1206 1481 1249 fecit
1521 1207 1680 1265 Joseph
1717 1207 1794 1266 qui
1831 1222 1900 1249 re-

371 1277 498 1321 duxit
529 1277 584 1320 ad
617 1278 868 1321 memoriam
896 1277 1103 1320 beneficia
1134 1278 1218 1321 sibi
1256 1277 1409 1320 collata
1442 1294 1464 1320 a
1493 1278 1686 1321 Domino
1725 1293 1820 1330 SUO,
1859 1288 1902 1320 et

371 1349 469 1392 ideo
508 1349 642 1391 nichil
675 1349 814 1392 voluit
856 1349 991 1391 facere
1020 1349 1065 1391 in
1103 1351 1197 1407 ejus
1228 1349 1535 1408 prejudicium.
1576 1349 1704 1392 Unde
1739 1349 1900 1391 dicitur

371 1420 425 1462 de
451 1435 550 1479 rege
582 1420 728 1471 Saule,
753 1420 764 1462 i
786 1422 951 1479 Regum
980 1436 1060 1462 xv:
1092 1421 1182 1462 Pro
1209 1436 1257 1462 eo
1290 1422 1405 1479 quod
1428 1421 1628 1479 abjecisti
1659 1435 1897 1462 sermonem

371 1490 560 1544 Domini,
581 1490 738 1548 abjecit
760 1500 798 1532 te
822 1491 1044 1543 Dominus,
1075 1505 1128 1532 ne
1146 1493 1207 1532 sis
1234 1487 1354 1533 resch.

431 1631 514 1678 30.
551 1632 676 1684 Item,
700 1631 862 1675 dicitur
880 1633 983 1675 Luc.
1015 1648 1066 1674 x:
1092 1633 1257 1690 Diliges
1274 1633 1506 1675 Dominum
1527 1634 1664 1675 Deam
1685 1642 1820 1687 tuum,
1845 1649 1899 1676 ex

373 1712 460 1746 toto
481 1703 610 1745 eorde
636 1712 721 1757 tue,
753 1713 794 1746 et
804 1706 1059 1762 proximum
1083 1713 1218 1757 tuum,
1243 1706 1306 1746 sie
1327 1707 1505 1762 teipsum
1523 1708 1555 1757 a,
1588 1704 1660 1746 sed
1688 1720 1775 1746 non
1797 1704 1899 1747 dili-

371 1774 435 1833 gis
471 1774 721 1833 proximum
763 1785 905 1826 tuum,
949 1790 1000 1816 ex
1038 1791 1127 1832 quo
1168 1775 1284 1834 capis
1326 1790 1392 1817 res
1432 1776 1541 1833 ejus,
1588 1786 1739 1817 contra
1776 1791 1896 1818 suam

371 1844 656 1896 voluntatem,
687 1861 764 1887 nec
790 1844 935 1904 diligis
962 1846 1122 1889 Deum.
1153 1847 1279 1888 Juxta
1314 1846 1423 1888 illud
1450 1848 1467 1904 j
1499 1848 1565 1889 Jo.
1599 1846 1692 1903 iiij:
1723 1847 1774 1888 Si
1806 1850 1899 1905 quis

370 1916 535 1958 dixerit
557 1931 570 1957 .·
597 1917 731 1958 Deam
766 1916 916 1973 diligo,
959 1926 1001 1959 et
1026 1918 1211 1975 fratrem
1241 1933 1366 1960 sumn
1399 1918 1552 1970 oderit,
1590 1918 1778 1959 mendax
1815 1927 1893 1959 est.

373 1987 463 2044 Qui
481 1993 594 2029 enim
613 2003 700 2029 non
725 1987 870 2045 diligit
878 1987 1077 2046 fratrem
1098 2004 1221 2047 quem
1253 1990 1380 2042 videt,
1406 1989 1616 2047 quomodo
1628 1998 1772 2046 potest
1796 1989 1898 2030 dili·

366 2073 472 2117 gere
494 2059 633 2100 Deum
655 2074 778 2118 quem
805 2074 891 2100 non
911 2056 1046 2102 videtb
1063 2061 1086 2100 P
1108 2060 1161 2101 Et
1181 2059 1343 2102 dicitur
1357 2061 1373 2117 j
1398 2059 1466 2104 Jo.
1497 2060 1542 2117 iij
1560 2076 1567 2101 :
1599 2060 1649 2101 In
1670 2059 1750 2101 hoc·
1765 2062 1900 2101 mani-

299 2119 310 2130 ’
366 2130 473 2188 sesti
497 2139 600 2172 sant
630 2129 719 2186 filii
741 2131 835 2182 Dei,
866 2139 906 2172 et
929 2130 1018 2186 fi'lii
1045 2130 1223 2173 diaboli.
1259 2131 1410 2174 Omnis
1436 2136 1509 2190 qui
1533 2146 1619 2172 non
1646 2140 1708 2172 est
1724 2132 1894 2189 justus,

371 2215 457 2242 non
477 2210 542 2242 est
565 2215 621 2242 ex·
646 2202 753 2254 Deo,
787 2211 828 2242 et
853 2204 931 2260 qui
960 2217 1048 2243 non
1082 2202 1227 2260 diligit
1247 2203 1435 2260 fratrem
1465 2218 1607 2255 suam,
1640 2218 1724 2243 non
1756 2202 1900 2259 diligit

370 2273 507 2313 Deum
524 2275 554 2313 ⁶.
579 2272 703 2323 Item,
728 2272 916 2325 adverte,
941 2288 1031 2324 rex,
1050 2272 1157 2330 quid
1173 2272 1334 2315 dicitur
1355 2274 1460 2315 Mat.
1480 2288 1528 2315 v:
1548 2273 1600 2315 Si
1618 2274 1722 2315 velis
1742 2273 1899 2330 offerre

372 2345 530 2384 munus
565 2352 683 2385 tuum
716 2343 777 2385 ad
801 2343 959 2396 altare,
990 2353 1032 2386 et
1069 2343 1131 2386 ibi
1158 2345 1414 2386 recordatus
1438 2345 1578 2403 fueris
1616 2347 1718 2403 quia
1738 2342 1900 2400 frater

371 2422 473 2456 taus
500 2413 631 2456 habet
661 2414 830 2473 aliquid
857 2415 1084 2457 adversum
1114 2424 1184 2468 te;
1212 2415 1410 2474 relinque
1430 2415 1492 2457 ibi
1510 2430 1668 2457 munus
1690 2424 1825 2468 tuam,
1857 2424 1899 2457 et

370 2484 479 2527 vade
506 2487 636 2543 prius
673 2476 952 2528 reconciliari
973 2486 1121 2545 fratri.
1143 2496 1245 2540 tuo;
1280 2495 1321 2528 et
1353 2496 1457 2529 tunc
1493 2488 1679 2539 veniens,
1717 2484 1899 2544 offeres-³

371 2570 529 2597 munus
555 2564 675 2598 tuum
691 2553 723 2600 ά.

417 2706 490 2744 30.
518 2708 716 2754 ¹(veniens
737 2708 893 2754 offeres)
914 2708 1042 2743 venies
1061 2709 1209 2751 offerre,
1230 2708 1304 2750 C1.,
1325 2708 1370 2743 V.
1392 2709 1433 2743 R.

419 2837 456 2860 a.
479 2826 599 2861 Exod.
625 2826 743 2868 xxn,
766 2803 800 2862 ἐ.
822 2847 868 2853 -
890 2826 924 2861 b.
951 2829 989 2861 G.
1012 2829 1045 2869 2,
1068 2829 1113 2862 D.
1134 2827 1238 2862 v111.

419 2920 456 2942 a.
485 2909 580 2943 Gen.
603 2909 770 2950 XXXIX,
789 2911 809 2944 9
828 2923 835 2943 z
860 2923 878 2943 «
896 2923 962 2944 nec
984 2911 1189 2956 quidquam
1208 2914 1266 2943 est
1285 2923 1361 2943 non
1385 2909 1422 2943 in
1443 2921 1523 2943 mea
1546 2910 1594 2943 sit
1615 2913 1815 2955 potestate,
1839 2907 1897 2942 vel

371 2967 447 2989 non
466 2956 666 2990 tradiderit
686 2957 822 2990 mihi...
846 2959 1035 3003 quomodo
1056 2969 1147 3002 ergo
1167 2969 1323 3002 possum
1343 2958 1414 2990 hoc
1435 2958 1574 2990 malum
1595 2957 1730 2997 facere,
1751 2961 1787 2989 et
1808 2967 1897 3001 pec-

372 3014 457 3036 care
478 3003 517 3036 in
537 3003 658 3037 Deum
673 3003 825 3038 meum?
843 3017 860 3037 ³)
882 3024 929 3030 —
950 3004 984 3038 b.
1009 3005 1024 3037 I
1047 3004 1138 3050 Reg.
1163 3004 1242 3045 XV,
1268 3006 1325 3040 26.

371 3084 569 3166 vadam&
593 3085 637 3127 X,
661 3087 718 3122 27.
736 3106 782 3113 —
804 3086 878 3121 b.1
895 3086 1091 3127 Joan.1V‚
1115 3088 1239 3121 20.-
1260 3086 1630 3128 c.1J0an.111‚10.
1653 3105 1696 3112 -
1724 3084 1762 3119 d.
1788 3084 1898 3121 Matt.
