2444 3750
1276 351 1489 392 -56-

629 493 649 515 «
693 472 1075 536 praerogativum
1118 491 1138 514 »
1175 471 1366 536 penitus
1404 471 1667 520 tolleretur.
1710 475 1957 522 Existimat
1992 477 2142 535 enim,

625 562 789 607 Simon
828 560 958 625 Islip,
995 580 1015 604 «
1058 561 1441 624 praerogativum
1472 561 1587 607 illud
1627 562 1949 622 maledictum,
1986 563 2145 612 diabo-

622 649 766 696 licum
797 668 844 707 »,
880 647 1176 695 infinitorum
1215 648 1449 695 malorum
1486 666 1590 696 esse
1631 651 1915 716 principium
1954 660 2002 699 et
2038 651 2145 699 fon-

621 745 733 785 tem.

687 826 810 873 Illud
845 827 986 891 igitur
1019 847 1040 870 «
1080 827 1463 891 praerogativum
1490 828 1673 892 regium
1702 847 1749 888 »,
1787 849 1808 873 «
1843 845 2016 894 capere
2049 845 2142 885 res,

626 917 774 962 invito
813 915 1027 973 domino,
1070 915 1243 961 minori
1274 915 1429 980 pretio
1471 935 1516 974 »,
1558 933 1655 962 non
1695 916 1851 964 solum
1895 917 2008 965 dicit
2044 934 2148 965 esse

626 1012 794 1051 contra
846 1003 976 1068 leges
1008 1003 1251 1068 Angliae¹,
1302 1013 1467 1051 contra
1519 1004 1644 1068 leges
1686 1005 1919 1052 humanas
1958 1023 2145 1065 omnes,

626 1101 791 1140 contra
818 1093 894 1155 jus
928 1092 1191 1157 gentium²,
1231 1092 1315 1139 sed
1342 1094 1485 1139 etiam
1520 1102 1686 1140 contra
1717 1094 1795 1156 jus
1829 1094 2062 1152 divinum,
2102 1095 2150 1141 vi

624 1182 778 1244 cujus,
820 1203 841 1226 «
879 1183 926 1228 in
953 1181 1045 1228 hoc
1074 1181 1272 1240 mundo,
1314 1181 1501 1229 debent.
1527 1199 1632 1229 esse
1666 1182 1883 1229 homines
1921 1182 2056 1230 liberi
2089 1181 2149 1230 ad

625 1270 895 1317 faciendum
917 1270 976 1317 de
1005 1287 1056 1317 se
1082 1278 1128 1317 et
1149 1271 1244 1316 suis
1266 1270 1531 1317 secundum
1553 1288 1686 1317 suam
1713 1271 2034 1318 voluntatem³
2058 1291 2100 1318 ».

689 1358 899 1406 Dubium
920 1358 1135 1424 profecto
1154 1359 1334 1405 Simoni
1352 1376 1448 1405 non
1470 1368 1589 1417 erat,
1613 1360 1728 1423 quin
1747 1376 1915 1406 omnes
1935 1360 2150 1406 omnium

626 1448 873 1495 facultates
915 1449 1096 1513 positae
1123 1455 1286 1494 essent
1324 1448 1370 1493 in
1399 1465 1565 1494 eorum
1594 1457 1831 1513 potestate
1862 1448 2035 1513 quibus
2062 1465 2151 1495 no-

629 1538 758 1584 mine
790 1538 911 1600 regis
937 1558 958 1581 «
996 1554 1091 1595 res,
1115 1537 1263 1583 invito
1287 1537 1500 1594 domino,
1533 1537 1705 1583 minori
1723 1538 1877 1602 pretio
1909 1557 1953 1595 »,
1980 1553 2151 1602 capere

627 1625 805 1673 liceret.
830 1625 922 1673 Ubi
942 1634 1079 1673 erant
1098 1626 1227 1672 enim
1248 1634 1491 1672 exactores
1508 1626 1750 1688 justissimi
1772 1635 1917 1690 atque
1937 1625 2150 1672 modera-

631 1715 813 1773 tissimi,
864 1715 947 1779 qui
986 1714 1101 1760 nihil
1144 1714 1267 1761 ultra
1309 1713 1522 1761 debitum
1558 1723 1830 1779 poscerent,
1875 1713 1990 1760 nihil
2027 1713 2151 1761 ultra

629 1820 848 1850 normam
880 1804 1133 1867 aequitatis
1168 1803 1448 1867 exigerent?
1478 1807 1676 1858 Verum,
1699 1812 1832 1862 esto3
1860 1812 1998 1850 erant
2026 1820 2150 1849 non-

631 1892 767 1940 nulli.
799 1896 1040 1950 Attamen,
1059 1891 1238 1954 judicio
1269 1892 1492 1951 Simonis,
1515 1893 1750 1957 prisarum
1772 1892 2151 1956 praerogativum

630 1964 863 2044 ejusmodi
899 1990 1002 2027 erat
1039 1989 1091 2027 ut
1125 1981 1303 2027 servari
1338 1997 1436 2027 non
1469 1989 1646 2046 posset,
1687 1981 1803 2045 quin
1849 1989 1977 2027 esset
2010 1997 2151 2027 causa

626 2071 841 2135 gravium
864 2070 1188 2116 vexationum.

693 2163 811 2206 Nam
830 2159 943 2223 quid
971 2175 1076 2205 esse
1097 2158 1268 2222 reliqui
1295 2166 1483 2223 poterat
1503 2159 1563 2216 ei,
1587 2159 1669 2222 qui
1690 2175 1776 2223 per
1795 2156 2152 2204 multitudinem

633 2249 887 2313 prisarum,
922 2265 1019 2293 non
1049 2247 1193 2293 modo
1219 2247 1403 2293 fructus
1435 2264 1603 2294 omnes
1630 2246 1978 2315 amittere,ssed
2009 2247 2152 2292 etiam

630 2354 799 2401 equOS,
828 2336 993 2394 boves,
1030 2338 1404 2383 instrumentum
1439 2353 1582 2382 omne
1616 2335 1813 2382 tradere
1840 2322 2153 2399 cogeretur⁴i³

631 2429 740 2486 Quo
766 2427 891 2473 enim
916 2443 965 2473 se
993 2434 1199 2472 verteret
1229 2442 1325 2471 non
1347 2424 1568 2472 habebat.
1603 2428 1668 2470 Ex
1700 2441 1797 2488 quo
1818 2422 1971 2470 fructu
2003 2423 2151 2470 vecti—

629 2515 770 2579 galia,
800 2532 923 2579 quae
945 2523 1015 2561 tot
1042 2532 1097 2561 ac
1118 2523 1246 2561 tanta
1269 2514 1367 2578 regi
1387 2513 1540 2571 daret,
1564 2513 1831 2560 inveniret?
1854 2512 2152 2558 Procuratio-

635 2621 752 2651 num
770 2612 819 2650 et
840 2604 1074 2668 prisarum
1098 2603 1291 2649 nomine
1323 2610 1509 2649 tantum
1530 2610 1632 2648 erat
1663 2600 1893 2658 ablatum,
1916 2607 2194 2664 quantum·'

635 2692 855 2739 voluntas
883 2691 1058 2739 tulerat
1087 2692 1437 2748 vicecomitum,
1460 2707 1724 2754 eorumque
1754 2705 2032 2746 servorum3
2067 2705 2152 2752 pro

632 2780 734 2827 aliis
755 2782 911 2845 prisis,
932 2781 1170 2845 requisitis
1190 2779 1491 2838 animalibuS,
1511 2787 1770 2844 emptoque
1790 2777 2049 2835 frumcntO,
2072 2784 2154 2824 aut
