2314 3736
1171 323 1411 363 —150—

525 419 607 462 cet,
640 424 792 467 capere
820 425 886 451 res
915 408 1076 452 alienas
1106 426 1185 468 pro
1213 411 1380 452 minore
1402 411 1544 469 precio
1570 426 1700 470 quam
1727 411 1931 455 dominus
1949 412 2044 455 illa-

527 495 623 522 rum
650 495 795 522 rerum
817 479 919 521 velit
947 479 1064 532 dare,
1095 480 1239 539 accipe
1266 481 1393 523 modo
1422 481 1492 523 illa
1520 492 1663 524 sancta
1684 481 1941 526 documenta
1961 487 2048 541 qu'e

526 561 699 592 sanctus
734 550 980 592 Ludovicus
1019 550 1238 609 quondam
1277 567 1350 593 rex
1391 552 1583 603 Francie,
1626 552 1806 594 tradidit
1845 553 2049 612 Philippo
2098 580 2108 590 -

526 620 616 662 filio
638 637 716 663 suo
742 620 795 662 de
815 620 944 663 modo
965 621 1152 673 vivendi,
1183 621 1235 664 ad
1264 621 1559 664 inducendum
1582 634 1623 664 te
1652 623 1706 665 ad
1733 623 1975 667 tollendum
1995 623 2050 666 de

527 702 638 733 terra
669 702 739 734 tua
764 691 872 734 illud
900 692 1175 734 maledictum
1208 692 1543 751 prerogativum.
1570 694 1624 735 Et
1650 693 1879 736 consilium
1906 710 2050 737 meum

527 773 591 804 est
617 773 665 805 ut
695 773 740 805 tu
770 773 914 805 teneas
936 763 1059 805 illum
1091 763 1267 806 modum
1301 763 1488 807 vivendi.
1521 765 1724 806 Proverb.
1756 781 1827 807 111:
1872 765 2052 808 Custodi

529 834 662 892 legem
690 843 822 893 atque
848 835 1074 876 consilium
1095 849 1108 876 .·
1135 845 1175 876 et
1200 841 1283 877 erit
1304 838 1390 877 vita
1410 841 1552 877 anime
1573 845 1656 888 tue,
1684 845 1725 877 et
1745 836 1946 894 faucibus
1965 839 2052 879 tuis

523 907 705 964 gratia;
733 915 836 947 tunc
864 906 1109 947 ambulabis
1139 906 1408 962 fiducialiter
1441 912 1485 947 in
1526 909 1611 949 vita
1645 917 1732 960 tua,
1770 916 1811 949 et
1844 923 1922 965 pes
1955 917 2052 950 tuus

530 992 614 1018 non
633 979 855 1034 impinget.
881 976 931 1018 Si
948 977 1179 1018 dormieris
1194 993 1278 1018 non
1306 978 1473 1019 timebis
1486 993 1503 1030 ,·
1526 983 1731 1036 quiesces,
1756 987 1797 1020 et
1810 981 1953 1020 suavis
1968 985 2053 1022 erit

529 1062 706 1089 somnus
728 1056 856 1100 tuus;
883 1062 937 1088 ne
958 1063 1122 1105 paveas
1143 1053 1366 1105 repentino
1393 1057 1577 1101 terrore,
1606 1049 1812 1090 Dominus
1831 1051 1942 1090 enim
1971 1052 2054 1092 erit

531 1128 666 1160 tecum
705 1127 745 1159 et
775 1119 986 1160 custodiet
1015 1128 1054 1159 te
1068 1123 1102 1162 α.
1144 1119 1199 1160 Et
1235 1134 1352 1160 nunc
1385 1118 1616 1178 diligenter
1649 1118 1750 1160 audi
1786 1129 1827 1160 et
1859 1118 2053 1179 intellige

530 1189 640 1231 bene
667 1188 739 1232 illa
767 1200 910 1231 sancta
930 1188 1206 1231 documenta.

591 1330 710 1376 XX.
742 1332 870 1373 Anno
909 1331 1088 1374 Domini
1125 1331 1355 1374 millesimo
1381 1331 1680 1375 ducentesimo
1713 1333 2048 1393 septuagesimo,

532 1402 642 1445 obiit
670 1402 1056 1445 christianissimus
1084 1419 1158 1445 rex
1193 1404 1457 1445 Francorum
1486 1402 1746 1447 Ludovicus.
1790 1405 1844 1446 Et
1872 1404 1925 1446 he
1951 1415 2055 1448 sunt

532 1473 800 1516 moniciones
821 1490 928 1532 quas
949 1473 1112 1516 ibidem
1142 1490 1216 1516 rex
1250 1473 1351 1516 fecit
1382 1473 1587 1533 Philippo
1624 1474 1714 1516 filio
1747 1491 1826 1518 suo
1852 1486 1896 1518 et
1922 1491 2054 1519 manu

532 1544 724 1604 propria,
763 1556 812 1587 ut
841 1544 1017 1598 dicitur,
1053 1545 1324 1604 conscripsit.
1359 1545 1580 1603 Imprimis
1609 1561 1766 1588 moneo
1796 1557 1852 1596 te,
1884 1545 1963 1598 fili,
2005 1557 2056 1590 ut

537 1617 680 1659 Deum
709 1633 840 1675 super
859 1616 1004 1659 omnia
1026 1616 1179 1675 diligas
1206 1632 1255 1658 ex
1281 1626 1372 1658 toto
1398 1616 1527 1658 corde
1548 1627 1640 1670 tuo,
1670 1627 1713 1659 et
1746 1627 1835 1659 tota
1874 1617 2050 1671 virtute,

534 1703 634 1730 nam
661 1686 754 1730 sine
774 1686 871 1739 hoc,
896 1703 986 1729 non
1007 1698 1071 1729 est
1097 1687 1176 1729 tibi
1205 1687 1334 1729 salus.
1366 1688 1430 1729 Ex
1463 1687 1541 1729 hac
1581 1686 1829 1729 monicione
1855 1687 2054 1746 sequitur

533 1757 653 1817 quod
679 1773 767 1800 nou
789 1757 920 1800 debes
940 1773 1091 1816 capere
1118 1774 1260 1816 neque
1298 1757 1548 1816 permittere
1581 1773 1656 1816 per
1689 1768 1787 1800 tuos
1820 1757 2053 1801 servientes

533 1828 628 1887 capi
650 1830 704 1871 ab
717 1828 864 1887 aliquo
885 1844 952 1870 res
973 1828 1138 1887 aliquas
1160 1845 1239 1887 pro
1258 1827 1416 1870 minori
1432 1828 1575 1887 precio
1596 1844 1726 1886 quam
1739 1828 1938 1871 venditor
1952 1828 2055 1871 velit

533 1899 650 1942 dare.
675 1900 771 1942 Non
799 1898 915 1941 enim
934 1899 1092 1941 videris
1119 1899 1299 1958 diligere
1336 1899 1510 1941 fratrem
1552 1910 1693 1951 tuum,
1733 1915 1783 1940 ex
1819 1915 1907 1958 quo
1937 1899 2055 1959 capis

535 1986 602 2013 res
630 1986 727 2013 suas
767 1981 916 2012 contra
947 1986 1069 2012 suam
1102 1970 1389 2013 voluntatem.
1427 1969 1512 2012 Sed
1549 1969 1710 2013 dicitur
1737 1972 1864 2028 juxta
1897 1970 2056 2012 Johan-

535 2041 604 2083 nis
624 2041 688 2084 v':
716 2042 806 2099 Qui
828 2057 913 2083 non
934 2041 1077 2100 diligit
1097 2042 1284 2100 fratr-em
1303 2057 1429 2082 suum
1452 2056 1574 2100 quem
1594 2041 1706 2083 videt
1719 2056 1736 2094 ;
1760 2042 1908 2095 Deum,
1931 2055 2056 2100 quem

535 2128 622 2154 non
648 2113 773 2165 videt,
798 2113 1008 2171 quomodo
1026 2122 1173 2170 potest
1192 2113 1373 2170 diligere
1383 2114 1406 2153 P
1431 2113 1491 2154 Et
1529 2111 1608 2154 hoc
1640 2112 1894 2154 mandatum
1929 2111 2056 2154 habe-

535 2199 630 2225 mus
654 2199 683 2225 a
703 2184 792 2225 Deo
826 2198 839 2224 .·
871 2193 916 2225 ut
942 2186 1018 2242 qui
1051 2183 1194 2241 diligit
1223 2184 1368 2235 Deum,
1408 2183 1568 2240 diligat
1597 2192 1638 2224 et
1659 2182 1857 2240 fratrem
1882 2198 2003 2224 suum
2019 2187 2054 2227 ⁰.

538 2254 622 2296 Sed
645 2269 733 2296 non
761 2253 905 2312 diligis
948 2253 1119 2295 fratrem
1162 2253 1235 2295 ubi
1274 2253 1390 2312 capis
1424 2269 1488 2295 res
1522 2264 1669 2295 contra
1708 2268 1829 2295 suam
1861 2252 2054 2295 volunta-

537 2336 640 2376 tem,
663 2324 764 2367 dato
786 2323 902 2383 quod
928 2340 1075 2366 verum
1097 2323 1290 2383 precium
1307 2323 1389 2366 sibi
1410 2323 1561 2366 solvas.
1589 2322 1701 2377 Quia
1726 2323 1927 2366 Christus
1952 2322 2058 2366 dicit

537 2395 579 2437 in
606 2395 839 2454 Evangelio
870 2412 878 2437 :
912 2395 1068 2437 Omnia
1091 2410 1352 2454 quecumque
1374 2396 1501 2438 vultis
1522 2404 1568 2437 ut
1580 2395 1747 2453 faciant
1777 2394 1893 2436 vobis
1926 2394 2058 2436 homi-

536 2483 609 2508 nes
629 2476 669 2508 et
702 2482 773 2509 vos
805 2466 951 2508 eadem
977 2467 1112 2524 facite
1138 2466 1225 2507 illis
1239 2464 1269 2518 ¹²,
1309 2476 1350 2507 et
1386 2465 1504 2524 quod
1532 2463 1759 2506 nolueritis
1786 2464 1877 2506 fieri
1918 2463 2054 2517 vobis,

538 2536 632 2580 aliis
679 2552 765 2578 non
789 2535 967 2579 faciatis.
1000 2536 1084 2578 Sed
1107 2547 1170 2589 tu,
1196 2552 1281 2578 non
1305 2535 1575 2594 permitteres
1606 2535 1722 2593 quod
1762 2534 1861 2594 quis
1887 2545 2059 2594 caperet

536 2624 556 2650 a
586 2619 628 2650 te
649 2623 714 2649 res
735 2618 846 2658 tuas,
878 2618 918 2648 te
939 2606 1089 2657 invito,
1121 2606 1222 2648 dato
1246 2606 1361 2664 quod
1391 2622 1539 2648 verum
1568 2605 1778 2664 precium,
1811 2605 1890 2647 tibi
1929 2605 2058 2648 vellet

537 2680 649 2722 dare,
687 2680 794 2720 Item
829 2680 954 2736 juxta
986 2677 1196 2720 Johannis
1234 2695 1262 2721 1.
1299 2679 1388 2736 Qui
1422 2679 1528 2720 dicit
1556 2693 1602 2719 se
1633 2677 1813 2735 diligere
1848 2678 1982 2719 Deum
2018 2686 2060 2719 et

538 2750 746 2792 mandata
772 2752 867 2807 ejus
892 2765 978 2791 non
1005 2749 1202 2802 custodit,
1227 2749 1414 2791 mendax
1449 2758 1513 2790 est
1525 2752 1552 2790 ⁰.
1595 2746 1679 2789 Sed
1711 2747 1791 2790 hoc
1821 2758 1886 2789 est
1914 2763 2054 2790 unum

538 2820 591 2862 de
622 2819 851 2862 mandatis.
885 2821 987 2862 Non
1012 2823 1283 2878 concupisces
1315 2835 1401 2861 rem
1423 2822 1622 2877 proximi
1643 2823 1705 2860 tui
1718 2816 1749 2871 ⁴¹,
1783 2817 1921 2860 Exodi
1949 2834 2049 2862 xxx.

584 2983 621 3007 a.
642 2971 839 3012 Prov.111‚
861 2972 987 3007 21-26.

588 3066 794 3101 a.1Jean.
818 3065 882 3106 Vl,
903 3067 960 3106 20.
978 3067 1036 3100 21.
1059 3086 1100 3093 —
1124 3065 1158 3099 b.
1183 3065 1396 3106 Matt.vl1,
1422 3067 1487 3105 12;
1509 3065 1598 3099 Luc.
1625 3065 1688 3106 vl,
1710 3067 1767 3101 31.
1795 3085 1838 3092 —
1860 3077 1891 3102 c.
1912 3065 1928 3099 1
1948 3065 2057 3101 Joan.

541 3115 588 3155 11,
610 3115 642 3149 4.
667 3133 714 3141 —
732 3113 770 3148 d.
794 3113 912 3148 Exod.
936 3113 1014 3153 XX,
1038 3115 1095 3149 17.
1119 3133 1162 3139 —
1184 3113 1471 3153 e.1J0an.111‚
1496 3114 1551 3149 17.
