2444 3750
1294 352 1507 394 ..52-

636 469 771 529 bant,
798 491 819 515 «
843 487 1013 534 equos,
1037 487 1149 518 oves
1169 479 1217 519 et
1233 470 1378 519 boves
1398 480 1446 519 et
1462 480 1620 519 cetera
1635 470 1854 518 animalia
1870 488 2155 537 pauperum,

636 558 695 605 de
732 558 953 605 domibus
993 560 1108 618 suiS,
1153 568 1201 606 et
1243 559 1324 618 ibi,
1362 559 1662 607 collocabant
1697 558 1915 606 animalia
1950 561 2073 624 regis
2109 568 2159 607 et

636 647 857 694 animalia
881 646 963 693 filii
985 647 1142 710 [ejus]¹
1168 667 1211 694 ».

702 735 842 796 Quod
873 736 911 782 si
936 744 1097 783 tamen
1119 737 1373 801 pecuniam
1396 735 1606 801 aliquam
1637 753 1687 783 se
1707 735 1903 783 daturos
1920 753 2023 783 esse
2050 753 2156 802 pro·

635 825 849 883 mittunt,
880 824 926 871 id
955 824 1154 889 perinde
1181 833 1254 872 est
1273 842 1328 872 ae
1354 825 1390 871 si
1411 841 1736 890 possessorem
1763 825 2016 890 spoliatum
2037 824 2156 872 deri·

634 912 828 971 deant²¹3
856 913 1109 977 siquidem,
1135 913 1351 960 volentes
1380 933 1400 958 «
1422 914 1674 979 pecuniam
1695 912 1903 960 debitam
1920 912 1980 960 de
2000 913 2156 960 minis-

634 1002 718 1048 tris
753 1000 951 1060 habere,
989 1010 1179 1067 oportet
1214 1019 1297 1049 eos
1336 984 1555 1049 laborare
1591 1019 1678 1067 per
1713 1002 1928 1067 quinque
1961 1001 2038 1049 vel
2076 1018 2158 1049 sex

635 1089 812 1147 leucas,
838 1098 887 1137 et
907 1090 1201 1155 quandoque
1221 1091 1364 1148 ultra,
1388 1089 1447 1137 ad
1467 1091 1719 1156 pecuniam
1738 1089 2084 1155 quaerendam,
2111 1098 2160 1138 et

632 1177 755 1226 forte
788 1177 964 1226 ibidem
998 1179 1173 1226 morari
1200 1196 1287 1245 per
1318 1195 1474 1226 unum*
1501 1179 1644 1237 diem,
1683 1188 1732 1226 et
1763 1179 1997 1244 contingit
2028 1177 2156 1244 quod

634 1285 732 1314 non
772 1267 1049 1332 expedient,
1090 1269 1177 1315 nisi
1206 1267 1383 1332 aliquid
1412 1267 1472 1315 de
1505 1285 1591 1314 suo
1626 1267 1887 1315 dederint⁸.
1928 1287 1949 1311 »
1987 1271 2053 1314 Ita
2085 1275 2156 1326 ut,

632 1357 768 1421 quasi
796 1356 1105 1403 vexationum
1137 1355 1466 1422 augendarum
1498 1373 1658 1415 causa,
1688 1355 1806 1404 haec
1837 1356 2027 1403 inventa
2054 1372 2157 1404 esse

632 1444 903 1492 videantur.

698 1534 758 1580 Hi
786 1541 947 1580 autem
975 1533 1195 1592 ministri,
1226 1534 1308 1598 qui
1337 1534 1524 1599 saepius
1550 1550 1664 1599 prae
1693 1533 1971 1599 eupiditate,
2000 1549 2158 1599 neque

632 1621 776 1670 officii
797 1623 887 1681 sui,
919 1622 1317 1687 nequejustitiae,
1348 1640 1505 1687 neque
1526 1623 1733 1688 pietatis,
1759 1640 1914 1688 neque
1940 1622 2157 1670 humani·

633 1712 759 1770 tatis,
783 1712 1018 1758 rationem
1034 1711 1231 1770 habent,
1250 1728 1408 1777 neque
1423 1713 1470 1758 in
1484 1729 1540 1758 eo
1558 1711 1686 1777 quod
1702 1720 1980 1770 monentur,
1998 1720 2159 1758 aucto-

633 1801 821 1847 ritatem
853 1799 1319 1858 honestissimorum,
1360 1801 1845 1866 gravissimorumque
1883 1800 2154 1859 hominum,

633 1906 723 1936 nec
743 1890 792 1935 in
808 1906 866 1936 eo
886 1889 1016 1954 quod
1030 1898 1274 1955 praestare
1282 1888 1529 1953 jubentur,
1547 1890 1844 1936 voluntatem
1865 1890 2007 1954 regis,
2027 1897 2156 1936 ante-

632 1978 908 2043 ponendam
921 1978 1214 2026 arbitrantur
1228 1978 1410 2026 libidini
1422 1996 1559 2037 suae3
1575 1978 1693 2025 nulli
1711 1979 1872 2043 generi
1886 1978 2154 2036 hominum,

634 2067 756 2115 nulli
781 2068 937 2116 ordini
964 2069 1061 2116 sive
1089 2069 1336 2127 laicorum,
1365 2069 1463 2116 sive
1489 2067 1833 2133 praelatorum,
1863 2068 1961 2115 sive
1987 2084 2159 2114 mona-

1835 2336 1855 2347 μ
1871 2284 1895 2323 s

690 2375 725 2415 1.
760 2380 790 2414 A
810 2375 830 2426 ἓ
853 2377 914 2415 17.

688 2437 726 2474 2.
758 2441 836 2474 Rot.
856 2438 982 2483 Parl.‚
1005 2441 1034 2472 t.
1055 2435 1106 2480 11,
1123 2448 1161 2486 p.
1177 2436 1253 2474 258
1270 2434 1420 2486 ....prie
1439 2434 1472 2472 la
1494 2446 1708 2479 commune,
1731 2447 1778 2485 qe
1792 2434 1859 2472 des
1878 2442 1975 2473 totes
1989 2446 2159 2472 maneres

635 2506 871 2546 purveances
892 2494 998 2532 faites
1017 2507 1068 2532 ou
1088 2507 1109 2532 a
1129 2493 1221 2532 faire
1240 2506 1471 2544 qecumques
1485 2506 1680 2544 purveour
1699 2493 1772 2530 soit
1791 2494 1867 2547 due
1887 2494 2075 2544 paiement
2091 2492 2161 2531 fait

635 2567 684 2592 au
704 2553 855 2605 poeple,
877 2554 990 2591 deinz
1010 2561 1103 2602 vynt
1121 2553 1240 2600 soldz,
1267 2566 1332 2591 sur
1345 2553 1380 2591 la
1401 2565 1630 2604 purveance,
1651 2560 1688 2590 et
1703 2553 1752 2590 de
1771 2565 1901 2602 grosse
1921 2564 2152 2603 purveance‚

637 2626 686 2650 au
712 2625 844 2662 meyns
862 2612 975 2650 deinz
994 2611 1028 2649 le
1043 2619 1199 2663 quarter
1218 2612 1266 2650 de
1285 2611 1361 2649 l’an
1381 2625 1492 2663 apres
1520 2611 1555 2649 la
1575 2624 1790 2663 purveance
1820 2611 1933 2657 saite3
1966 2618 2004 2649 et
2021 2610 2095 2649 soit
2123 2610 2158 2648 le

639 2671 830 2723 paiement
849 2670 914 2708 fait
933 2671 1045 2708 deinz
1065 2683 1204 2708 mesme
1226 2671 1259 2708 le
1278 2678 1452 2708 countee.

696 2732 730 2769 3.
765 2733 792 2767 B
815 2731 834 2779 ἓ
856 2731 920 2769 IV.
944 2752 993 2758 —
1015 2734 1114 2768 Stat.
1138 2732 1187 2768 28
1207 2731 1314 2768 Edw.
1345 2734 1414 2776 III,
1444 2742 1530 2780 cap.
1572 2730 1662 2776 XII,
1684 2742 1720 2780 p.
1753 2730 1843 2768 347.
1880 2728 1963 2768 ...la
1992 2735 2082 2778 gent
2107 2729 2159 2766 du

639 2789 795 2827 roialme
805 2796 842 2826 et
862 2789 1036 2839 pluseurs
1055 2796 1197 2830 autres,
1221 2801 1259 2826 se
1280 2796 1364 2826 sont
1375 2787 1602 2839 compleintz
1616 2788 1683 2825 des
1697 2800 1903 2837 grevances
1922 2787 1960 2838 qi
1980 2787 2061 2825 leur
2074 2794 2161 2825 sont

637 2849 756 2893 faites,
794 2849 842 2886 de
870 2860 912 2885 ce
945 2860 990 2898 qe
1027 2847 1078 2885 les
1114 2860 1327 2898 purveours
1360 2855 1471 2884 notre
1504 2847 1681 2896 seigneur
1712 2847 1745 2884 le
1772 2846 1854 2891 Roi,
1887 2859 1946 2883 ma
1981 2847 2092 2883 dame
2124 2845 2158 2884 la

635 2907 797 2956 Roigne,
830 2907 883 2944 du
907 2907 1051 2951 Prinoe,
1074 2914 1111 2944 et
1131 2907 1198 2944 des
1225 2914 1367 2953 autres,
1390 2914 1483 2944 ount
1517 2906 1596 2957 pris
1618 2906 1666 2943 de
1686 2918 1760 2943 eux
1783 2905 1862 2942 leur
1884 2905 2004 2950 biens,
2031 2905 2158 2943 vivres

634 2974 671 3003 et
689 2965 863 3011 vitailles,
887 2973 924 3003 et
938 2965 991 3003 les
1009 2978 1055 3003 en
1069 2973 1162 3003 ount
1184 2965 1297 3002 baille
1318 2965 1450 3011 milles,
1475 2964 1688 3014 assignantz
1701 2978 1722 3001 a
1738 2976 1828 3008 eux,
1847 2962 1937 3014 jour
1957 2971 1993 3002 et
2012 2963 2086 3001 lieu
2109 2964 2158 3002 de

635 3025 803 3062 receivre
823 3025 905 3062 leur
925 3024 1128 3075 paiement,
1157 3037 1203 3062 en
1231 3023 1370 3061 foreins
1393 3031 1429 3061 et
1451 3023 1658 3061 lointismes
1678 3022 1796 3069 lieux,
1820 3035 1870 3059 ou
1890 3022 1934 3060 ils
1956 3030 2051 3060 ount
2070 3023 2158 3060 des·

635 3084 781 3133 pendre
807 3084 838 3121 {a
861 3083 970 3120 value
991 3084 1038 3120 de
1064 3083 1095 3120 lu
1117 3083 1233 3120 chose
1254 3083 1361 3120 issint
1385 3082 1464 3133 pris
1484 3083 1532 3120 de
1551 3094 1643 3126 eux,
1663 3094 1713 3119 ou
1729 3081 1762 3119 le
1776 3081 1931 3127 double,
1956 3089 2072 3119 avant
2085 3081 2159 3133 qils

636 3142 737 3181 eient
754 3155 864 3180 recen
884 3142 967 3180 leur
984 3141 1187 3195 paicment,
1212 3149 1249 3179 et
1270 3149 1402 3179 sovent
1422 3149 1515 3179 ount
1534 3139 1623 3179 failli
1637 3141 1684 3178 de
1705 3147 1836 3179 tout...
