2314 3736
953 344 1193 389 -143—

310 435 476 478 orando
503 446 544 478 et
573 451 651 494 per
670 435 915 479 oracionem
945 453 1084 490 suam,
1113 437 1312 480 vincebat
1338 435 1550 494 populum
1578 432 1830 480 adversum.

309 506 332 548 J
337 505 463 548 udith
493 523 575 549 1111:
594 507 810 550 Memores
824 518 955 550 estote
973 509 1120 565 Moysi
1138 510 1253 551 servi
1268 508 1363 560 Dei,
1382 509 1460 565 qai
1476 505 1689 549 Amalech
1713 506 1850 563 confi-

312 577 481 620 dentem
503 581 548 620 in
568 581 724 621 virtute
742 595 835 633 sua,
856 588 897 621 et
906 582 1137 637 paciencia
1157 595 1250 632 sua,
1275 589 1317 620 et
1338 577 1383 619 in
1405 577 1572 635 magnis
1594 576 1717 635 equis
1738 586 1779 619 et
1801 580 1845 619 in

311 663 468 706 magno
496 652 690 691 exercitu
719 665 815 703 suo,
846 659 887 692 et
912 653 956 692 in
977 650 1177 692 curribus
1201 652 1308 702 suis,
1341 649 1496 692 devicit
1508 663 1526 702 ‚·
1545 664 1632 690 non
1657 654 1702 689 in
1718 649 1843 707 ferro

305 720 567 777 pugnando,
594 721 674 762 sed
687 721 889 779 precibus
907 723 1074 763 sanctis
1099 718 1305 763 orandod.
1330 719 1434 763 Plus
1461 719 1578 761 enim
1598 718 1712 761 valet
1727 735 1841 762 unus

309 800 484 832 sanctus
514 791 679 833 orando
715 807 847 850 quam
889 791 1054 834 infiniti
1087 791 1188 850 equi
1227 802 1268 833 et
1307 801 1551 849 peccatores
1590 790 1835 849 preliando.

311 859 446 905 Eccli.
480 877 571 903 xV1:
604 862 763 904 Melior
795 872 860 905 est
892 878 1007 905 unus
1038 863 1163 905 homo
1197 865 1351 904 timens
1381 863 1533 915 Deum,
1567 878 1695 920 quam
1723 862 1844 904 mille

311 933 436 990 impii
446 936 475 975 ⁶.
500 932 556 974 Et
576 932 711 991 magis
731 944 919 992 prosunt
938 933 983 976 in
1003 934 1117 976 bello
1143 933 1297 976 devote
1323 932 1563 985 oraciones,
1592 948 1724 991 quam
1745 948 1841 991 pro-

309 1000 505 1046 videncia
522 1003 723 1048 carnalis.

369 1144 484 1192 XV.
521 1146 576 1188 Et
601 1161 734 1197 nunc,
761 1144 938 1187 domine
958 1161 1049 1198 rex,
1079 1144 1302 1187 considera
1330 1160 1539 1203 expensas
1570 1160 1677 1203 quas
1716 1144 1841 1198 facis,

310 1233 388 1277 per
407 1233 589 1268 annum,
619 1215 730 1258 circa
745 1232 883 1259 unum
912 1232 1118 1274 magnum
1139 1232 1316 1274 equum.
1350 1216 1474 1258 Unus
1498 1231 1680 1274 magnus
1702 1231 1840 1273 equus

308 1287 488 1331 habebit
506 1287 561 1329 ad
584 1286 745 1338 minus,
771 1303 909 1329 unum
929 1286 1176 1346 garcionem
1197 1287 1422 1329 custodem
1439 1286 1515 1345 qui
1536 1286 1731 1345 recipiet,
1757 1285 1843 1328 sin-

309 1358 422 1418 gulis
448 1358 619 1410 diebus,
649 1357 879 1400 denarium
913 1374 992 1417 pro
1028 1357 1228 1416 expensis
1265 1357 1385 1411 suis,
1425 1374 1504 1416 pro
1540 1373 1652 1416 equo
1679 1357 1838 1399 iterum

309 1429 448 1489 capiet
474 1446 613 1472 unum
643 1428 876 1471 dimidium
906 1429 1086 1471 busselli
1113 1445 1262 1480 avene,
1288 1428 1416 1487 pretii
1438 1446 1451 1471 1
1474 1428 1643 1480 denar.,
1670 1428 1836 1479 fenum,

309 1500 444 1560 precii
473 1517 487 1543 1
518 1499 700 1542 denarii.
735 1500 861 1542 Unde
887 1516 1075 1558 expense
1101 1500 1232 1542 unius
1263 1499 1521 1551 ebdomade,
1551 1516 1580 1541 11
1609 1498 1753 1552 solidi,
1784 1515 1841 1541 vn

309 1571 477 1615 denarii
499 1570 654 1622 obol.¹,
685 1570 738 1613 de
759 1570 920 1629 quibus
942 1582 1150 1630 quattuor
1168 1587 1378 1629 pauperes
1406 1570 1471 1612 vel
1493 1569 1691 1628 quinque
1715 1581 1840 1629 pote-

310 1654 416 1686 runt
446 1641 702 1686 sustentari,
739 1642 864 1684 Unde
898 1641 1006 1684 facta
1036 1641 1366 1700 computacione
1394 1641 1448 1683 de
1479 1641 1679 1700 expensis
1710 1640 1841 1683 unius

310 1713 529 1774 garcionis
559 1723 602 1755 et
629 1712 760 1755 unius
787 1712 887 1771 equi
920 1729 997 1772 per
1022 1729 1204 1766 annum,
1238 1728 1424 1771 expense
1450 1728 1494 1754 se
1521 1712 1763 1754 extendunt
1789 1711 1842 1754 ad

309 1802 351 1828 vi
379 1784 511 1827 libras
540 1800 610 1826 xV1
637 1783 852 1826 denarios.
889 1784 944 1826 Et
972 1784 1092 1842 quod
1123 1783 1417 1826 communiter
1445 1783 1610 1826 dictum
1640 1794 1704 1825 est
1742 1794 1839 1826 tan-

310 1866 405 1898 tum
432 1854 478 1897 in
512 1853 790 1913 perdicione:
832 1865 941 1913 quot
976 1870 1076 1913 ergo
1114 1866 1157 1897 et
1195 1865 1357 1913 quante
1389 1870 1576 1913 expense
1616 1853 1728 1896 fiunt
1764 1869 1841 1911 per

310 1942 494 1978 annum,
514 1942 592 1984 per
608 1925 830 1984 garciones
852 1937 894 1968 et
911 1942 1046 1984 equos
1068 1928 1188 1968 tuos!
1214 1926 1325 1968 Nolo
1349 1925 1515 1983 aliquid
1531 1924 1672 1967 dicere
1691 1935 1842 1967 contra

310 2013 399 2049 eos,
430 1996 483 2038 de
500 1996 663 2055 rapinis
682 2007 725 2039 et
744 1997 1066 2039 extorsionibus
1093 2008 1136 2039 et
1155 1996 1305 2039 ceteris
1330 1996 1501 2038 damnis
1525 1995 1660 2038 factis.
1687 1996 1842 2038 Nonne

311 2083 413 2126 ergo
443 2067 551 2109 foret
578 2067 656 2110 tibi
681 2068 865 2121 bonum,
890 2079 933 2110 et
949 2084 1103 2110 sanum
1119 2067 1371 2121 consilium,
1399 2079 1446 2110 ut
1467 2067 1735 2109 diminueres
1764 2082 1840 2109 nu-

310 2154 478 2181 merum
513 2154 725 2196 equorum
767 2149 943 2181 tuorum
978 2155 1058 2198 pro
1103 2138 1261 2181 debitis
1300 2138 1386 2181 tuis
1427 2137 1642 2181 solvendis
1679 2148 1722 2179 et
1761 2153 1839 2196 pro

310 2209 468 2252 debitis
504 2209 638 2268 patris
675 2208 755 2262 tui,
801 2210 866 2251 vel
901 2210 935 2252 si
974 2210 1120 2253 debita
1161 2209 1326 2252 fuerint
1358 2210 1594 2268 persoluta,
1634 2209 1736 2251 dare
1775 2219 1839 2250 tot

309 2279 592 2340 pauperibus,
611 2280 840 2339 religiosis,
865 2292 907 2323 et
924 2281 1179 2340 peregrinis,
1195 2297 1268 2323 seu
1282 2291 1534 2323 convertere
1547 2280 1590 2322 in
1611 2279 1719 2321 alios
1735 2295 1839 2322 usus

309 2350 517 2410 pietatis?
540 2352 668 2394 Certe
688 2351 763 2404 sic,
789 2351 890 2410 quia
919 2352 1129 2411 quicquid
1151 2368 1230 2411 pro
1257 2352 1400 2394 anima
1425 2363 1496 2394 tua
1520 2350 1685 2402 feceris,
1712 2361 1837 2392 tuum

311 2433 390 2475 est,
421 2422 540 2481 quod
576 2434 722 2465 autem
749 2422 965 2481 reliquisti
999 2423 1081 2466 hoc
1119 2422 1364 2482 perdidisti.
1399 2422 1526 2465 Unde
1552 2421 1834 2464 Ambrosius:

309 2493 408 2537 Non
426 2503 528 2536 sant
547 2494 658 2536 bona
679 2494 877 2548 hominis,
910 2511 989 2554 que
1008 2510 1151 2537 secum
1173 2496 1295 2554 serre
1321 2510 1405 2536 non
1416 2503 1579 2552 potest.
1605 2493 1709 2536 Sola
1730 2495 1841 2535 enim

310 2565 610 2607 misericordia
636 2575 700 2607 est
727 2581 863 2607 comes
886 2567 1227 2624 defunctorama.
1262 2567 1354 2607 Hoc
1382 2581 1483 2623 ergo
1511 2575 1637 2606 tuum
1666 2574 1835 2622 reputa,

310 2634 428 2695 quod
455 2635 722 2694 pauperibus
749 2636 948 2695 erogasti.
983 2636 1208 2695 Quicquid
1229 2637 1346 2679 enim
1368 2652 1447 2695 pro
1475 2635 1641 2677 mundo
1669 2634 1835 2685 feceris,

359 2786 456 2823 XV.
485 2787 495 2810 ¹
513 2787 689 2833 (recipiet
705 2808 749 2814 —
768 2789 915 2823 denarii
931 2788 1054 2835 ohol.)
1069 2789 1227 2835 recipiet
1246 2789 1409 2835 singulis
1431 2787 1567 2823 diebus
1588 2798 1706 2821 unum
1728 2787 1839 2821 dena-

311 2834 410 2868 rium
434 2839 470 2868 et
500 2834 654 2869 obolum
682 2848 752 2881 pro
780 2837 956 2882 expensis
987 2838 1091 2877 suis;
1124 2849 1193 2883 pro
1224 2848 1321 2883 equo
1348 2835 1507 2882 recipiet
1533 2847 1690 2870 avenam
1721 2834 1839 2880 precii

310 2882 448 2962 nbdefix.
477 2881 586 2916 Unde
611 2894 680 2928 pro
703 2883 881 2929 expensis
906 2884 1018 2918 unius
1053 2884 1127 2918 diei
1153 2897 1223 2931 pro
1251 2884 1430 2930 garcione
1461 2888 1498 2917 et
1529 2894 1627 2929 equo
1663 2894 1720 2916 1111
1749 2882 1836 2916 den.

313 2941 335 2962 o
371 2955 377 2962 .
437 2936 466 2962 ὃ.

314 3046 409 3080 dith.
432 3045 496 3087 IV,
520 3047 577 3082 15.
601 3066 646 3074 -
663 3059 694 3081 e.
716 3046 832 3082 Eccli.
855 3046 956 3090 XVI,
980 3049 1014 3083 3.

358 3151 396 3176 a.
424 3140 551 3176 Sancti
575 3141 769 3177 Ambrosii
795 3143 1054 3191 Epistolarum
1084 3143 1231 3179 Classis
1267 3143 1296 3184 I,
1327 3143 1450 3189 Epist.
1484 3140 1570 3183 VII,
1601 3141 1618 3187 ἓ
1646 3142 1678 3183 3,
1704 3141 1748 3175 Ρ.
1777 3140 1835 3186 L„
