<?xml version="1.0" encoding="UTF-8"?>
<!DOCTYPE html PUBLIC "-//W3C//DTD XHTML 1.0 Transitional//EN"
    "http://www.w3.org/TR/xhtml1/DTD/xhtml1-transitional.dtd">
<html xmlns="http://www.w3.org/1999/xhtml" xml:lang="en" lang="en">
 <head>
  <title>
</title>
<meta http-equiv="Content-Type" content="text/html;charset=utf-8" />
  <meta name='ocr-system' content='tesseract 3.04.00' />
  <meta name='ocr-capabilities' content='ocr_page ocr_carea ocr_par ocr_line ocrx_word'/>
</head>
<body>
  <div class='ocr_page' id='page_1' title='image "./despeculoregised00isliuoft_0027.png"; bbox 0 0 2444 3750; ppageno 0'>
   <div class='ocr_carea' id='block_1_1' title="bbox 969 335 1185 376">
    <p class='ocr_par' dir='ltr' id='par_1_1' title="bbox 969 335 1185 376">
     <span class='ocr_line' id='line_1_1' title="bbox 969 335 1185 376; baseline -0.005 -10"><span class='ocrx_word' id='word_1_1' title='bbox 969 335 1185 376; x_wconf 82' lang='lat'>-17-</span> 
     </span>
    </p>
   </div>
   <div class='ocr_carea' id='block_1_2' title="bbox 916 525 1207 563">
    <p class='ocr_par' dir='ltr' id='par_1_2' title="bbox 916 525 1207 563">
     <span class='ocr_line' id='line_1_2' title="bbox 916 525 1207 563; baseline -0.003 -1"><span class='ocrx_word' id='word_1_2' title='bbox 916 525 1150 563; x_wconf 89' lang='lat' dir='ltr'>RECENSIO</span> <span class='ocrx_word' id='word_1_3' title='bbox 1177 526 1207 561; x_wconf 88' lang='lat' dir='ltr'><strong>A</strong></span> 
     </span>
    </p>
   </div>
   <div class='ocr_carea' id='block_1_3' title="bbox 877 709 1255 800">
    <p class='ocr_par' dir='ltr' id='par_1_3' title="bbox 877 709 1255 800">
     <span class='ocr_line' id='line_1_3' title="bbox 877 709 1255 800; baseline -0.005 -54"><span class='ocrx_word' id='word_1_4' title='bbox 877 713 909 746; x_wconf 92' lang='lat'>1.</span> <span class='ocrx_word' id='word_1_5' title='bbox 938 709 1161 800; x_wconf 55' lang='lat' dir='ltr'>Digbipnsis</span> <span class='ocrx_word' id='word_1_6' title='bbox 1189 712 1255 746; x_wconf 84' lang='lat'>172</span> 
     </span>
    </p>
   </div>
   <div class='ocr_carea' id='block_1_4' title="bbox 526 803 1590 823">
    <p class='ocr_par' dir='ltr' id='par_1_4' title="bbox 526 803 1590 823">
     <span class='ocr_line' id='line_1_4' title="bbox 526 803 1590 823; baseline -0.001 -1"><span class='ocrx_word' id='word_1_7' title='bbox 526 803 1590 823; x_wconf 57' lang='lat' dir='ltr'><em>w</em></span> 
     </span>
    </p>
   </div>
   <div class='ocr_carea' id='block_1_5' title="bbox 343 826 1757 918">
    <p class='ocr_par' dir='ltr' id='par_1_5' title="bbox 343 826 1757 918">
     <span class='ocr_line' id='line_1_5' title="bbox 343 826 1757 918; baseline -0.002 -12"><span class='ocrx_word' id='word_1_8' title='bbox 343 874 378 907; x_wconf 83' lang='lat'>2.</span> <span class='ocrx_word' id='word_1_9' title='bbox 408 826 740 917; x_wconf 63' lang='lat' dir='ltr'>Cantaiffigiensis</span> <span class='ocrx_word' id='word_1_10' title='bbox 865 873 898 906; x_wconf 91' lang='grc'>3.</span> <span class='ocrx_word' id='word_1_11' title='bbox 927 870 1130 918; x_wconf 83' lang='lat' dir='ltr'>Cleopatra</span> <span class='ocrx_word' id='word_1_12' title='bbox 1151 869 1196 914; x_wconf 85' lang='lat' dir='ltr'>D,</span> <span class='ocrx_word' id='word_1_13' title='bbox 1218 870 1266 905; x_wconf 91' lang='lat' dir='ltr'>IX</span> <span class='ocrx_word' id='word_1_14' title='bbox 1415 870 1447 903; x_wconf 87' lang='lat'>4.</span> <span class='ocrx_word' id='word_1_15' title='bbox 1477 868 1660 905; x_wconf 84' lang='lat' dir='ltr'>Faustina</span> <span class='ocrx_word' id='word_1_16' title='bbox 1682 869 1721 914; x_wconf 87' lang='lat' dir='ltr'>B,</span> <span class='ocrx_word' id='word_1_17' title='bbox 1744 867 1757 903; x_wconf 95' lang='lat' dir='ltr'>I</span> 
     </span>
    </p>
   </div>
   <div class='ocr_carea' id='block_1_6' title="bbox 433 919 1341 1012">
    <p class='ocr_par' dir='ltr' id='par_1_6' title="bbox 433 919 1341 1012">
     <span class='ocr_line' id='line_1_6' title="bbox 433 919 1067 964; baseline -0.006 -9"><span class='ocrx_word' id='word_1_18' title='bbox 433 919 476 955; x_wconf 88' lang='lat' dir='ltr'>K.</span> <span class='ocrx_word' id='word_1_19' title='bbox 497 919 535 955; x_wconf 89' lang='lat' dir='ltr'>k.</span> <span class='ocrx_word' id='word_1_20' title='bbox 556 920 618 964; x_wconf 83' lang='lat' dir='ltr'>IV,</span> <span class='ocrx_word' id='word_1_21' title='bbox 642 920 674 954; x_wconf 85' lang='lat'>4.</span> <span class='ocrx_word' id='word_1_22' title='bbox 1061 920 1067 963; x_wconf 75' lang='grc' dir='ltr'>Ι</span> 
     </span>
     <span class='ocr_line' id='line_1_7' title="bbox 791 964 1341 1012; baseline -0.005 -10"><span class='ocrx_word' id='word_1_23' title='bbox 791 968 824 1002; x_wconf 89' lang='grc'>5.</span> <span class='ocrx_word' id='word_1_24' title='bbox 854 966 974 1002; x_wconf 86' lang='lat' dir='ltr'>Vetus</span> <span class='ocrx_word' id='word_1_25' title='bbox 999 965 1143 1012; x_wconf 85' lang='lat' dir='ltr'>Regius</span> <span class='ocrx_word' id='word_1_26' title='bbox 1166 967 1209 1000; x_wconf 90' lang='grc'>10</span> <span class='ocrx_word' id='word_1_27' title='bbox 1233 965 1272 1010; x_wconf 87' lang='grc' dir='ltr'>Β,</span> <span class='ocrx_word' id='word_1_28' title='bbox 1293 964 1341 1000; x_wconf 93' lang='grc' dir='ltr'>ΧΙ</span> 
     </span>
    </p>
   </div>
   <div class='ocr_carea' id='block_1_7' title="bbox 821 1210 1108 1248">
    <p class='ocr_par' dir='ltr' id='par_1_7' title="bbox 821 1210 1108 1248">
     <span class='ocr_line' id='line_1_8' title="bbox 821 1210 1108 1248; baseline -0.003 -1"><span class='ocrx_word' id='word_1_29' title='bbox 821 1210 1053 1248; x_wconf 88' lang='lat' dir='ltr'>RECENSIO</span> <span class='ocrx_word' id='word_1_30' title='bbox 1082 1210 1108 1246; x_wconf 93' lang='lat' dir='ltr'>B</span> 
     </span>
    </p>
   </div>
   <div class='ocr_carea' id='block_1_8' title="bbox 757 1394 1147 1487">
    <p class='ocr_par' dir='ltr' id='par_1_8' title="bbox 757 1394 1147 1487">
     <span class='ocr_line' id='line_1_9' title="bbox 757 1394 1147 1487; baseline 0 -57"><span class='ocrx_word' id='word_1_31' title='bbox 757 1398 789 1431; x_wconf 91' lang='lat'>1.</span> <span class='ocrx_word' id='word_1_32' title='bbox 820 1394 1051 1487; x_wconf 47' lang='lat' dir='ltr'>Bodleianus</span> <span class='ocrx_word' id='word_1_33' title='bbox 1078 1396 1147 1431; x_wconf 83' lang='lat'>624</span> 
     </span>
    </p>
   </div>
   <div class='ocr_carea' id='block_1_9' title="bbox 581 1487 1346 1509">
    <p class='ocr_par' dir='ltr' id='par_1_9' title="bbox 581 1487 1346 1509">
     <span class='ocr_line' id='line_1_10' title="bbox 581 1487 1346 1509; baseline -0.003 -1"><span class='ocrx_word' id='word_1_34' title='bbox 581 1487 1346 1509; x_wconf 56' lang='grc' dir='ltr'><em>Ἢ</em></span> 
     </span>
    </p>
   </div>
   <div class='ocr_carea' id='block_1_10' title="bbox 403 1554 1618 1601">
    <p class='ocr_par' dir='ltr' id='par_1_10' title="bbox 403 1554 1618 1601">
     <span class='ocr_line' id='line_1_11' title="bbox 403 1554 1618 1601; baseline -0.001 -10"><span class='ocrx_word' id='word_1_35' title='bbox 403 1558 434 1592; x_wconf 84' lang='grc'>2.</span> <span class='ocrx_word' id='word_1_36' title='bbox 466 1556 695 1593; x_wconf 87' lang='lat' dir='ltr'>Harleianus</span> <span class='ocrx_word' id='word_1_37' title='bbox 723 1557 814 1592; x_wconf 83' lang='lat'><strong>2399</strong></span> <span class='ocrx_word' id='word_1_38' title='bbox 1051 1557 1084 1591; x_wconf 86' lang='grc'>3.</span> <span class='ocrx_word' id='word_1_39' title='bbox 1114 1555 1451 1592; x_wconf 87' lang='lat' dir='ltr'>Rawlinsonianus</span> <span class='ocrx_word' id='word_1_40' title='bbox 1477 1554 1520 1601; x_wconf 88' lang='lat' dir='ltr'>C,</span> <span class='ocrx_word' id='word_1_41' title='bbox 1549 1557 1618 1591; x_wconf 82' lang='lat'>606</span> 
     </span>
    </p>
   </div>
   <div class='ocr_carea' id='block_1_11' title="bbox 859 1667 1815 1752">
    <p class='ocr_par' dir='ltr' id='par_1_11' title="bbox 859 1667 1815 1752">
     <span class='ocr_line' id='line_1_12' title="bbox 859 1667 1815 1752; baseline -0.003 -1"><span class='ocrx_word' id='word_1_42' title='bbox 859 1717 892 1751; x_wconf 82' lang='lat'>4.</span> <span class='ocrx_word' id='word_1_43' title='bbox 920 1669 1128 1751; x_wconf 69' lang='lat' dir='ltr'>Additi&#39;tius</span> <span class='ocrx_word' id='word_1_44' title='bbox 1154 1716 1268 1752; x_wconf 90' lang='grc'><strong>15677</strong></span> <span class='ocrx_word' id='word_1_45' title='bbox 1395 1715 1428 1751; x_wconf 91' lang='lat'>5.</span> <span class='ocrx_word' id='word_1_46' title='bbox 1458 1667 1689 1751; x_wconf 71' lang='lat' dir='ltr'>Harleiaiius</span> <span class='ocrx_word' id='word_1_47' title='bbox 1725 1714 1815 1749; x_wconf 87' lang='grc'><strong>6237</strong></span> 
     </span>
    </p>
   </div>
   <div class='ocr_carea' id='block_1_12' title="bbox 730 1921 1429 1982">
    <p class='ocr_par' dir='ltr' id='par_1_12' title="bbox 730 1921 1429 1982">
     <span class='ocr_line' id='line_1_13' title="bbox 730 1921 1429 1982; baseline -0.001 -17"><span class='ocrx_word' id='word_1_48' title='bbox 730 1921 776 1965; x_wconf 78' lang='lat'>2.</span> <span class='ocrx_word' id='word_1_49' title='bbox 813 1922 930 1964; x_wconf 80' lang='lat' dir='ltr'>Istra</span> <span class='ocrx_word' id='word_1_50' title='bbox 951 1921 1170 1965; x_wconf 79' lang='lat' dir='ltr'><em>recensio</em></span> <span class='ocrx_word' id='word_1_51' title='bbox 1188 1921 1251 1964; x_wconf 80' lang='lat' dir='ltr'>sit</span> <span class='ocrx_word' id='word_1_52' title='bbox 1260 1922 1429 1982; x_wconf 80' lang='lat' dir='ltr'>prior.</span> 
     </span>
    </p>
   </div>
   <div class='ocr_carea' id='block_1_13' title="bbox 322 2064 1853 2484">
    <p class='ocr_par' dir='ltr' id='par_1_13' title="bbox 322 2064 1853 2484">
     <span class='ocr_line' id='line_1_14' title="bbox 388 2064 1852 2130; baseline 0.001 -19"><span class='ocrx_word' id='word_1_53' title='bbox 388 2069 438 2111; x_wconf 92' lang='lat' dir='ltr'>In</span> <span class='ocrx_word' id='word_1_54' title='bbox 467 2066 749 2112; x_wconf 80' lang='lat' dir='ltr'>recensione</span> <span class='ocrx_word' id='word_1_55' title='bbox 785 2068 822 2111; x_wconf 89' lang='lat' dir='ltr'><strong>A</strong></span> <span class='ocrx_word' id='word_1_56' title='bbox 853 2064 1033 2127; x_wconf 89' lang='lat' dir='ltr'>(codice</span> <span class='ocrx_word' id='word_1_57' title='bbox 1067 2082 1241 2130; x_wconf 88' lang='lat' dir='ltr'>nempe</span> <span class='ocrx_word' id='word_1_58' title='bbox 1275 2064 1555 2130; x_wconf 87' lang='lat' dir='ltr'>Digbiensi),</span> <span class='ocrx_word' id='word_1_59' title='bbox 1593 2073 1852 2130; x_wconf 84' lang='lat' dir='ltr'>postquam</span> 
     </span>
     <span class='ocr_line' id='line_1_15' title="bbox 322 2153 1853 2220; baseline 0 -20"><span class='ocrx_word' id='word_1_60' title='bbox 322 2155 485 2220; x_wconf 83' lang='lat' dir='ltr'>paucis</span> <span class='ocrx_word' id='word_1_61' title='bbox 523 2153 678 2201; x_wconf 85' lang='lat' dir='ltr'>verbis</span> <span class='ocrx_word' id='word_1_62' title='bbox 716 2155 936 2218; x_wconf 81' lang='lat' dir='ltr'>exposuit</span> <span class='ocrx_word' id='word_1_63' title='bbox 975 2155 1178 2219; x_wconf 90' lang='lat' dir='ltr'>scriptor</span> <span class='ocrx_word' id='word_1_64' title='bbox 1212 2154 1327 2218; x_wconf 90' lang='lat' dir='ltr'>quid</span> <span class='ocrx_word' id='word_1_65' title='bbox 1357 2155 1417 2200; x_wconf 90' lang='lat' dir='ltr'>sit</span> <span class='ocrx_word' id='word_1_66' title='bbox 1449 2154 1649 2216; x_wconf 88' lang='lat' dir='ltr'>justitia,</span> <span class='ocrx_word' id='word_1_67' title='bbox 1693 2155 1853 2201; x_wconf 89' lang='lat' dir='ltr'>statim</span> 
     </span>
     <span class='ocr_line' id='line_1_16' title="bbox 323 2240 1853 2306; baseline -0.001 -18"><span class='ocrx_word' id='word_1_68' title='bbox 323 2243 556 2289; x_wconf 85' lang='lat' dir='ltr'>intentam</span> <span class='ocrx_word' id='word_1_69' title='bbox 594 2258 692 2288; x_wconf 89' lang='lat' dir='ltr'>rem</span> <span class='ocrx_word' id='word_1_70' title='bbox 732 2241 1023 2306; x_wconf 77' lang='lat' dir='ltr'>aggreditur,</span> <span class='ocrx_word' id='word_1_71' title='bbox 1065 2250 1113 2289; x_wconf 90' lang='lat' dir='ltr'>et</span> <span class='ocrx_word' id='word_1_72' title='bbox 1145 2259 1269 2306; x_wconf 87' lang='lat' dir='ltr'>quae</span> <span class='ocrx_word' id='word_1_73' title='bbox 1303 2241 1427 2288; x_wconf 83' lang='lat' dir='ltr'>facto</span> <span class='ocrx_word' id='word_1_74' title='bbox 1448 2240 1853 2306; x_wconf 89' lang='lat' dir='ltr'>reprehendenda</span> 
     </span>
     <span class='ocr_line' id='line_1_17' title="bbox 323 2329 1853 2394; baseline -0.002 -17"><span class='ocrx_word' id='word_1_75' title='bbox 323 2331 561 2377; x_wconf 82' lang='lat' dir='ltr'>existimat</span> <span class='ocrx_word' id='word_1_76' title='bbox 590 2347 646 2377; x_wconf 88' lang='lat' dir='ltr'>ea</span> <span class='ocrx_word' id='word_1_77' title='bbox 683 2330 849 2388; x_wconf 53' lang='lat' dir='ltr'>clares</span> <span class='ocrx_word' id='word_1_78' title='bbox 875 2330 1116 2388; x_wconf 88' lang='lat' dir='ltr'>distincte,</span> <span class='ocrx_word' id='word_1_79' title='bbox 1153 2330 1330 2394; x_wconf 88' lang='lat' dir='ltr'>ample,</span> <span class='ocrx_word' id='word_1_80' title='bbox 1370 2338 1641 2388; x_wconf 80' lang='lat' dir='ltr'>enumerat,</span> <span class='ocrx_word' id='word_1_81' title='bbox 1679 2338 1732 2376; x_wconf 85' lang='lat' dir='ltr'>ut</span> <span class='ocrx_word' id='word_1_82' title='bbox 1769 2329 1853 2393; x_wconf 92' lang='lat' dir='ltr'>qui</span> 
     </span>
     <span class='ocr_line' id='line_1_18' title="bbox 322 2417 1853 2484; baseline -0.001 -19"><span class='ocrx_word' id='word_1_83' title='bbox 322 2417 448 2466; x_wconf 90' lang='lat' dir='ltr'>bene</span> <span class='ocrx_word' id='word_1_84' title='bbox 475 2427 781 2484; x_wconf 88' lang='lat' dir='ltr'>perspectum</span> <span class='ocrx_word' id='word_1_85' title='bbox 817 2435 922 2466; x_wconf 89' lang='lat' dir='ltr'>esse</span> <span class='ocrx_word' id='word_1_86' title='bbox 954 2420 1054 2483; x_wconf 89' lang='lat' dir='ltr'>regi</span> <span class='ocrx_word' id='word_1_87' title='bbox 1083 2419 1261 2484; x_wconf 87' lang='lat' dir='ltr'>cupiat,</span> <span class='ocrx_word' id='word_1_88' title='bbox 1297 2436 1391 2483; x_wconf 86' lang='lat' dir='ltr'>qua</span> <span class='ocrx_word' id='word_1_89' title='bbox 1424 2418 1485 2465; x_wconf 85' lang='lat' dir='ltr'>de</span> <span class='ocrx_word' id='word_1_90' title='bbox 1515 2436 1565 2465; x_wconf 92' lang='lat' dir='ltr'>re</span> <span class='ocrx_word' id='word_1_91' title='bbox 1595 2419 1853 2483; x_wconf 83' lang='lat' dir='ltr'>praecipue</span> 
     </span>
    </p>
   </div>
   <div class='ocr_carea' id='block_1_14' title="bbox 325 2507 1851 2648">
    <p class='ocr_par' dir='ltr' id='par_1_14' title="bbox 325 2507 1851 2648">
     <span class='ocr_line' id='line_1_19' title="bbox 325 2507 615 2572; baseline 0 -18"><span class='ocrx_word' id='word_1_92' title='bbox 325 2524 466 2572; x_wconf 89' lang='lat' dir='ltr'>agere</span> <span class='ocrx_word' id='word_1_93' title='bbox 486 2507 615 2555; x_wconf 85' lang='lat' dir='ltr'>velit.</span> 
     </span>
     <span class='ocr_line' id='line_1_20' title="bbox 390 2583 1851 2648; baseline 0 -18"><span class='ocrx_word' id='word_1_94' title='bbox 390 2584 437 2630; x_wconf 90' lang='lat' dir='ltr'>ln</span> <span class='ocrx_word' id='word_1_95' title='bbox 478 2585 757 2631; x_wconf 86' lang='lat' dir='ltr'>recensione</span> <span class='ocrx_word' id='word_1_96' title='bbox 790 2592 952 2632; x_wconf 87' lang='lat' dir='ltr'>autem</span> <span class='ocrx_word' id='word_1_97' title='bbox 988 2588 1022 2630; x_wconf 93' lang='lat' dir='ltr'>B</span> <span class='ocrx_word' id='word_1_98' title='bbox 1063 2583 1246 2648; x_wconf 88' lang='lat' dir='ltr'>(codice</span> <span class='ocrx_word' id='word_1_99' title='bbox 1293 2583 1590 2643; x_wconf 76' lang='lat' dir='ltr'>Bodleiano),</span> <span class='ocrx_word' id='word_1_100' title='bbox 1632 2583 1851 2648; x_wconf 83' lang='lat' dir='ltr'>longiore</span> 
     </span>
    </p>
   </div>
   <div class='ocr_carea' id='block_1_15' title="bbox 326 2672 1856 3092">
    <p class='ocr_par' dir='ltr' id='par_1_15' title="bbox 326 2672 1856 3092">
     <span class='ocr_line' id='line_1_21' title="bbox 326 2672 1854 2737; baseline 0.001 -19"><span class='ocrx_word' id='word_1_101' title='bbox 326 2689 547 2720; x_wconf 87' lang='lat' dir='ltr'>sermone</span> <span class='ocrx_word' id='word_1_102' title='bbox 574 2674 741 2731; x_wconf 88' lang='lat' dir='ltr'>utitur,</span> <span class='ocrx_word' id='word_1_103' title='bbox 771 2673 830 2720; x_wconf 87' lang='lat' dir='ltr'>ad</span> <span class='ocrx_word' id='word_1_104' title='bbox 856 2672 1240 2720; x_wconf 88' lang='lat' dir='ltr'>convertendum</span> <span class='ocrx_word' id='word_1_105' title='bbox 1272 2674 1397 2737; x_wconf 88' lang='lat' dir='ltr'>regis</span> <span class='ocrx_word' id='word_1_106' title='bbox 1425 2674 1639 2719; x_wconf 87' lang='lat' dir='ltr'>animum</span> <span class='ocrx_word' id='word_1_107' title='bbox 1678 2674 1721 2719; x_wconf 93' lang='lat' dir='ltr'>in</span> <span class='ocrx_word' id='word_1_108' title='bbox 1751 2689 1854 2719; x_wconf 86' lang='lat' dir='ltr'>rem</span> 
     </span>
     <span class='ocr_line' id='line_1_22' title="bbox 326 2760 1856 2826; baseline 0 -19"><span class='ocrx_word' id='word_1_109' title='bbox 326 2760 385 2807; x_wconf 91' lang='lat' dir='ltr'>de</span> <span class='ocrx_word' id='word_1_110' title='bbox 402 2779 495 2826; x_wconf 85' lang='lat' dir='ltr'>qua</span> <span class='ocrx_word' id='word_1_111' title='bbox 516 2763 687 2826; x_wconf 84' lang='lat' dir='ltr'>agitur,</span> <span class='ocrx_word' id='word_1_112' title='bbox 709 2762 994 2809; x_wconf 83' lang='lat' dir='ltr'>Edwardum</span> <span class='ocrx_word' id='word_1_113' title='bbox 1016 2763 1186 2809; x_wconf 92' lang='lat' dir='ltr'>iterum</span> <span class='ocrx_word' id='word_1_114' title='bbox 1210 2770 1353 2826; x_wconf 84' lang='lat' dir='ltr'>atque</span> <span class='ocrx_word' id='word_1_115' title='bbox 1374 2763 1546 2808; x_wconf 89' lang='lat' dir='ltr'>iterum</span> <span class='ocrx_word' id='word_1_116' title='bbox 1574 2761 1856 2808; x_wconf 86' lang='lat' dir='ltr'>exhortatur</span> 
     </span>
     <span class='ocr_line' id='line_1_23' title="bbox 326 2850 1855 2915; baseline 0.001 -20"><span class='ocrx_word' id='word_1_117' title='bbox 326 2858 378 2896; x_wconf 87' lang='lat' dir='ltr'>ut</span> <span class='ocrx_word' id='word_1_118' title='bbox 399 2867 562 2897; x_wconf 90' lang='lat' dir='ltr'>aurem</span> <span class='ocrx_word' id='word_1_119' title='bbox 579 2850 928 2898; x_wconf 86' lang='lat' dir='ltr'>correctoribus</span> <span class='ocrx_word' id='word_1_120' title='bbox 953 2850 1441 2914; x_wconf 82' lang='lat' dir='ltr'>emendatoribusque</span> <span class='ocrx_word' id='word_1_121' title='bbox 1460 2850 1704 2915; x_wconf 83' lang='lat' dir='ltr'>praebeat,</span> <span class='ocrx_word' id='word_1_122' title='bbox 1726 2850 1855 2897; x_wconf 86' lang='lat' dir='ltr'>locos</span> 
     </span>
     <span class='ocr_line' id='line_1_24' title="bbox 327 2938 1855 3004; baseline -0.001 -19"><span class='ocrx_word' id='word_1_123' title='bbox 327 2955 607 2986; x_wconf 88' lang='lat' dir='ltr'>communes</span> <span class='ocrx_word' id='word_1_124' title='bbox 657 2938 860 3004; x_wconf 89' lang='lat' dir='ltr'>amplius</span> <span class='ocrx_word' id='word_1_125' title='bbox 910 2939 1104 2997; x_wconf 88' lang='lat' dir='ltr'>evolvit,</span> <span class='ocrx_word' id='word_1_126' title='bbox 1159 2948 1262 2986; x_wconf 89' lang='lat' dir='ltr'>tum</span> <span class='ocrx_word' id='word_1_127' title='bbox 1318 2940 1616 3004; x_wconf 88' lang='lat' dir='ltr'>Scripturam</span> <span class='ocrx_word' id='word_1_128' title='bbox 1671 2955 1855 2985; x_wconf 87' lang='lat' dir='ltr'>sacram</span> 
     </span>
     <span class='ocr_line' id='line_1_25' title="bbox 327 3025 1854 3092; baseline 0 -20"><span class='ocrx_word' id='word_1_129' title='bbox 327 3025 635 3090; x_wconf 85' lang='lat' dir='ltr'>proferendo,</span> <span class='ocrx_word' id='word_1_130' title='bbox 650 3036 751 3074; x_wconf 91' lang='lat' dir='ltr'>tum</span> <span class='ocrx_word' id='word_1_131' title='bbox 765 3027 966 3084; x_wconf 84' lang='lat' dir='ltr'>orando,</span> <span class='ocrx_word' id='word_1_132' title='bbox 984 3036 1084 3074; x_wconf 89' lang='lat' dir='ltr'>tum</span> <span class='ocrx_word' id='word_1_133' title='bbox 1104 3027 1411 3092; x_wconf 80' lang='lat' dir='ltr'>disputando,</span> <span class='ocrx_word' id='word_1_134' title='bbox 1431 3036 1535 3074; x_wconf 89' lang='lat' dir='ltr'>tum</span> <span class='ocrx_word' id='word_1_135' title='bbox 1556 3028 1708 3074; x_wconf 89' lang='lat' dir='ltr'>minas</span> <span class='ocrx_word' id='word_1_136' title='bbox 1724 3026 1854 3073; x_wconf 82' lang='lat' dir='ltr'>adhi-</span> 
     </span>
    </p>
   </div>
   <div class='ocr_carea' id='block_1_16' title="bbox 327 3113 1859 3239">
    <p class='ocr_par' dir='ltr' id='par_1_16' title="bbox 327 3113 1859 3239">
     <span class='ocr_line' id='line_1_26' title="bbox 327 3113 1859 3182; baseline 0.001 -22"><span class='ocrx_word' id='word_1_137' title='bbox 327 3113 505 3172; x_wconf 89' lang='lat' dir='ltr'>bendo,</span> <span class='ocrx_word' id='word_1_138' title='bbox 546 3124 648 3162; x_wconf 92' lang='lat' dir='ltr'>tum</span> <span class='ocrx_word' id='word_1_139' title='bbox 691 3116 1000 3179; x_wconf 73' lang='lat' dir='ltr'>indignando¹</span> <span class='ocrx_word' id='word_1_140' title='bbox 1044 3120 1212 3164; x_wconf 91' lang='lat' dir='ltr'>Nonne</span> <span class='ocrx_word' id='word_1_141' title='bbox 1249 3117 1362 3164; x_wconf 91' lang='lat' dir='ltr'>inde</span> <span class='ocrx_word' id='word_1_142' title='bbox 1401 3118 1611 3182; x_wconf 89' lang='lat' dir='ltr'>primum</span> <span class='ocrx_word' id='word_1_143' title='bbox 1644 3116 1859 3179; x_wconf 86' lang='lat' dir='ltr'>exsurgit</span> 
     </span>
     <span class='ocr_line' id='line_1_27' title="bbox 1646 3206 1667 3239; baseline 0 0"><span class='ocrx_word' id='word_1_144' title='bbox 1646 3206 1667 3239; x_wconf 88' lang='lat'><strong>2</strong></span> 
     </span>
    </p>
   </div>
  </div>
 </body>
</html>
