2314 3736
1014 303 1255 344 —107—

362 392 482 450 quod
511 390 718 450 frangunt
747 390 871 443 ostia,
908 407 988 450 pro
1011 391 1127 444 feno,
1158 403 1200 434 et
1225 408 1375 445 avena,
1409 403 1451 434 et
1478 391 1587 434 illud
1618 392 1736 450 quod
1772 391 1892 436 dete-

363 463 454 506 rius
493 473 557 504 est
601 462 707 505 dant
745 461 898 521 equis³
937 462 1219 506 dominorum
1267 479 1472 516 suorum,
1515 474 1557 505 et
1601 462 1798 505 vendunt
1839 462 1893 505 de

361 549 510 585 avena,
537 533 577 575 id
607 533 725 591 quod
754 533 852 592 plus
874 534 999 585 valet,
1026 545 1068 576 et
1094 534 1154 576 sic
1176 533 1424 593 aliqualiter
1444 533 1670 592 decipiunt
1691 533 1892 576 dominos

363 621 464 647 suos
500 621 579 646 nec
617 604 795 657 mirum,
835 605 954 662 quia,
991 616 1040 647 ut
1081 604 1387 656 communiter,
1429 605 1597 646 domini
1629 604 1787 647 nolunt
1815 605 1892 646 ha-

361 676 462 717 bere
501 674 695 734 aliquos*
738 675 974 734 garciones,
1025 676 1107 718 nisi
1154 676 1293 718 sciant
1339 676 1480 718 vivere
1524 675 1577 717 de
1621 675 1787 734 rapina.
1839 677 1893 718 Et

362 746 641 805 postmodum
683 746 903 805 garciones
936 763 1035 789 cum
1069 747 1192 806 equis
1224 747 1448 798 recedunt,
1489 762 1567 789 nec
1604 746 1771 805 aliquid
1805 746 1891 789 sol-

362 833 459 860 vere
479 817 647 861 volunt.

423 960 508 1006 25.
538 959 620 1002 Vix
648 971 711 1002 est
732 976 862 1013 unus,
898 960 942 1002 in
973 971 1059 1002 tota
1092 959 1211 1002 curia
1240 971 1329 1011 tua,
1360 959 1436 1018 qui
1463 960 1556 1002 vult
1583 959 1748 1002 solvere
1772 960 1890 1020 quod

358 1034 528 1091 justum
557 1031 703 1082 fuerit,
736 1047 814 1090 pro
847 1031 1124 1090 garcionibus
1157 1042 1199 1073 et
1232 1031 1355 1089 equis
1392 1030 1495 1073 suis.
1530 1031 1584 1073 Et
1614 1047 1709 1073 ecce
1744 1047 1891 1074 exem-

362 1103 502 1162 plum,
546 1103 588 1145 in
623 1102 902 1161 paucioribus
925 1102 990 1144 via
1030 1104 1183 1160 major.
1215 1100 1340 1144 Unus
1378 1102 1520 1160 garcio
1559 1102 1612 1144 de
1647 1102 1761 1144 curia
1800 1114 1891 1155 tua,

363 1174 506 1216 veniet
538 1190 636 1216 cum
674 1190 764 1216 uno
796 1190 909 1232 equo
939 1173 1108 1216 domini
1143 1173 1226 1225 sui,
1263 1173 1317 1215 ad
1357 1173 1500 1215 villam
1538 1174 1741 1225 ruralem,
1773 1173 1895 1232 eligit

363 1245 445 1287 sibi
486 1245 596 1287 forte
635 1244 856 1286 meliorem
898 1245 1079 1286 domum
1116 1243 1251 1286 totius
1295 1244 1417 1296 ville,
1465 1244 1573 1302 petit
1617 1244 1783 1287 literam
1815 1261 1893 1303 pro

364 1333 477 1375 equo
499 1332 594 1360 suo.
625 1315 855 1358 Liberatur
884 1315 965 1357 sibi
995 1315 1115 1358 litera
1140 1332 1226 1374 que
1255 1316 1430 1367 valeret,
1462 1315 1716 1366 Londoniis‚
1748 1318 1786 1374 vj
1817 1316 1891 1357 de-

364 1387 508 1429 narios
546 1387 610 1429 vel
650 1386 712 1444 iiij
742 1386 959 1438 denarios,
991 1397 1034 1429 et
1070 1386 1112 1428 in
1142 1387 1292 1429 eadem
1328 1386 1426 1429 villa
1462 1387 1573 1429 valet
1605 1386 1657 1429 ad
1699 1387 1844 1430 minus
1874 1389 1888 1445 j

364 1458 608 1501 denarium.
641 1458 869 1508 Similiter,
902 1458 1113 1500 liberatur
1146 1457 1227 1500 sibi
1258 1458 1404 1500 fenum
1436 1474 1514 1516 pro
1543 1458 1613 1500 die
1640 1474 1745 1511 uno,
1775 1459 1893 1516 quod

365 1530 475 1572 bene
506 1529 618 1571 valet
644 1530 672 1587 ij
712 1529 929 1579 denarios,
961 1529 1003 1571 in
1040 1529 1188 1571 eadem
1226 1529 1354 1582 villa;
1385 1529 1619 1572 dimidium
1653 1529 1892 1572 bussellum

363 1616 497 1643 avene
520 1601 652 1659 precii
679 1601 708 1658 ij
751 1601 1045 1643 denariorum.
1086 1600 1241 1642 Garcio
1268 1600 1361 1643 vult
1391 1600 1550 1643 habere
1577 1617 1655 1659 pro
1677 1617 1721 1643 se
1747 1601 1891 1660 ignem

365 1670 425 1729 (et
452 1688 530 1730 pro
553 1687 665 1730 equo
689 1672 786 1730 suo)
814 1671 978 1730 preciij
1007 1671 1175 1713 denarii
1202 1671 1267 1713 vel
1289 1672 1316 1729 ij
1348 1671 1644 1724 denariorum,
1680 1672 1773 1730 ipse
1801 1672 1894 1714 vult

365 1742 524 1785 babere
555 1743 773 1785 esculenta
808 1753 850 1785 et
882 1732 1112 1801 poculenta
1146 1742 1340 1794 meliora,
1372 1742 1482 1785 forte
1509 1759 1640 1785 unam
1668 1743 1889 1802 gallinam.

366 1814 429 1855 Ita
456 1813 575 1872 quod
605 1813 812 1856 dominus
839 1813 1012 1864 domus,
1043 1813 1142 1872 plus
1172 1814 1302 1856 solito
1329 1825 1371 1856 et
1397 1814 1562 1866 debito,
1588 1814 1803 1872 expendet
1824 1829 1893 1856 ra-

365 1884 489 1927 cione
511 1900 630 1926 more
650 1900 727 1927 sue
748 1884 839 1938 [sic]
854 1885 898 1926 in
921 1884 1154 1927 esculentis
1172 1895 1214 1926 et
1234 1884 1480 1943 poculentis
1495 1885 1549 1927 ad
1570 1885 1893 1927 estimacionem

365 1955 438 2013 viij
460 1955 525 1996 vel
543 1971 570 1996 x
596 1954 891 1998 denariorum.
917 1956 966 1998 In
993 1955 1200 2007 crastino,
1226 1955 1402 2013 quando
1429 1956 1559 1998 debet
1579 1956 1791 2008 recedere,
1816 1971 1895 2015 pro

369 2026 491 2067 litera
514 2025 650 2067 nichil
678 2025 821 2077 solvit,
852 2042 931 2068 nec
951 2041 1031 2084 pro
1060 2025 1170 2068 lecto
1191 2042 1287 2078 suo,
1318 2041 1397 2068 nec
1419 2042 1495 2085 pro
1516 2027 1640 2084 igne;
1675 2043 1752 2085 pro
1775 2026 1891 2078 feno,

366 2096 508 2138 solum
554 2112 692 2138 unum
733 2096 960 2138 denarium
1001 2095 1144 2149 solvit,
1188 2112 1268 2155 pro
1312 2113 1442 2139 avena
1476 2099 1491 2154 j
1528 2097 1774 2148 denarium,
1815 2113 1894 2156 pro

367 2166 601 2209 esculentis
629 2178 671 2209 et
698 2167 976 2225 poculentisj
1001 2167 1230 2209 denarium
1253 2178 1295 2209 et
1321 2168 1518 2219 obolum,
1548 2168 1651 2226 quia
1680 2184 1767 2210 non
1796 2168 1894 2226 plus

367 2237 522 2295 recipit
552 2254 574 2279 a
612 2238 816 2295 magistro
846 2254 942 2288 suo,
970 2248 1012 2280 et
1038 2238 1113 2288 sic,
1139 2238 1248 2281 facta
1272 2239 1623 2297 computacione‚
1650 2254 1739 2281 non
1767 2238 1894 2281 solvit

367 2307 640 2350 medietatem
662 2324 950 2367 expensarum
973 2324 1164 2351 suarum.

427 2448 511 2495 26.
548 2449 632 2492 Sed
664 2451 700 2492 si
732 2465 884 2492 omnes
922 2450 1143 2509 garciones
1179 2462 1253 2494 tue
1285 2451 1403 2493 curie
1430 2452 1490 2493 sic
1518 2451 1722 2503 facerent,
1753 2451 1896 2493 adhuc

367 2519 613 2578 aliqualiter
652 2521 819 2562 bonum
865 2532 991 2573 esset,
1034 2522 1137 2579 quia
1177 2522 1334 2564 melius
1374 2521 1486 2564 foret
1534 2522 1692 2564 habere
1729 2521 1896 2580 aliquid

367 2607 498 2649 quam
520 2590 671 2633 nichil.
703 2592 847 2634 Ceteri
875 2592 1097 2650 garciones
1125 2603 1197 2634 tue
1226 2593 1344 2635 curie
1365 2609 1453 2635 non
1483 2603 1587 2635 sunt
1614 2593 1673 2634 ita
1694 2592 1891 2635 curiales.

367 2662 453 2703 Nec
480 2661 657 2714 mirum,
682 2663 784 2720 quia
817 2663 944 2721 posui
972 2663 1219 2722 exemplum
1248 2664 1301 2706 de
1332 2664 1532 2723 garcione
1558 2664 1635 2722 qui
1666 2663 1822 2705 melius
1852 2674 1894 2705 et

368 2732 592 2774 honestius
614 2733 823 2776 sehabet.
856 2734 910 2775 Et
937 2733 1011 2787 sic,
1038 2734 1150 2776 forte
1179 2746 1322 2793 posset
1350 2735 1434 2777 dici
1467 2734 1520 2776 de
1539 2734 1795 2776 hominibus
1822 2744 1895 2776 tue

366 2802 485 2844 curie
505 2803 623 2862 quod
646 2803 805 2846 dicitur
828 2805 938 2846 Gen.
970 2805 1070 2862 xviij
1095 2816 1137 2847 et
1153 2806 1242 2858 xix,
1267 2806 1385 2863 quod
1408 2805 1514 2847 facta
1538 2805 1827 2863 inquisicione
1848 2805 1893 2846 in

366 2872 561 2932 quinque
599 2874 847 2917 civitatibus
885 2875 939 2917 de
977 2875 1232 2918 hominibus
1268 2876 1398 2934 justis
1443 2892 1531 2918 non
1571 2876 1891 2928 inveniebatur,

369 3094 500 3136 tiores,
521 3095 594 3137 Cl.‚
618 3096 663 3134 V.
687 3097 731 3131 R.
753 3117 798 3124 —
819 3097 832 3119 ³
847 3103 994 3145 partem
1009 3099 1099 3133 dant
1113 3098 1234 3147 equis,
1255 3098 1329 3140 CL,
1353 3098 1398 3132 V.
1422 3098 1464 3132 R.
1482 3118 1526 3125 —-
1551 3098 1566 3118 ⁴
1581 3109 1651 3132 om.
1672 3096 1745 3138 Cl.,
1767 3096 1812 3130 V.
1848 3097 1890 3133 R.
