2444 3750
738 523 791 565 In
811 517 980 566 eodem
1000 517 1299 565 parliamenti
1321 518 1523 565 concilio
1544 519 1591 565 in
1607 536 1703 583 quo
1720 518 1836 567 haec
1853 519 2042 569 decreta
2061 532 2191 583 sunt,

671 616 914 672 praeterea
947 606 1246 672 emptoribus
1278 606 1581 654 interdictum
1621 616 1693 654 est
1720 624 1798 665 ne,
1837 608 2193 675 disciplinarum

669 698 974 761 antiquarum
997 697 1317 754 immemores,
1340 694 1576 753 vehicula,
1601 712 1768 760 equos,
1792 695 2048 756 frumenta,
2068 709 2190 747 cete·

669 802 834 849 raque,
867 785 1074 831 ‹lominis
1114 785 1288 842 invitis,
1328 783 1415 830 sibi
1449 794 1765 832 assumerent.
1809 789 1883 844 At,
1914 804 1964 834 re
1997 788 2191 852 quidem

666 890 797 930 vera,
824 890 993 919 vanam
1019 882 1066 919 et
1092 871 1311 919 inutilem
1337 872 1460 919 hanc
1481 874 1751 919 cautionem
1779 875 1954 939 rapinis
1980 883 2028 922 et
2047 893 2191 923 vexa-

667 961 876 1008 tionibus
897 960 1155 1008 adhibitam
1170 978 1272 1008 esse
1286 962 1625 1026 comperimus.
1651 961 1790 1021 Quod
1809 963 1869 1009 ita
1883 965 2190 1028 perspicuum

665 1059 755 1109 est,
782 1059 833 1098 ut
858 1051 1150 1115 quicumque
1176 1050 1540 1114 interrogaverit
1560 1058 1662 1097 acta
1691 1049 1877 1115 publica
1908 1051 2189 1118 rotulosque

665 1138 971 1186 Parliamenti
993 1138 1037 1185 id
1061 1155 1234 1202 negare
1262 1155 1360 1185 non
1389 1140 1553 1204 possit.

730 1229 858 1288 Quin
895 1228 1058 1285 immo,
1095 1236 1325 1292 regnante
1355 1244 1466 1292 rege
1500 1228 1704 1275 Henrico
1740 1231 1823 1286 VI,
1847 1227 1967 1275 alius
1993 1246 2188 1294 quoque

663 1318 835 1364 invasit
863 1316 1056 1375 abusuS,
1088 1317 1135 1363 in
1169 1315 1273 1363 illas
1299 1317 1692 1381 procurationum
1720 1317 1931 1379 injuriaS,
1964 1319 2046 1382 qui
2087 1317 2187 1376 fere

663 1407 875 1453 vinceret
910 1406 1066 1470 priora
1106 1404 1333 1452 facinora.
1374 1409 1480 1453 Non
1519 1406 1648 1452 enim
1692 1414 1934 1471 emptores
1979 1415 2183 1466 tantum,

662 1494 858 1542 inducto
877 1494 1223 1556 nominejuris,
1246 1492 1463 1541 fraudem
1484 1493 1724 1552 colebant,
1749 1493 1831 1541 sed
1847 1495 1989 1541 etiam
2015 1494 2082 1541 illi
2104 1497 2185 1560 qui

661 1599 904 1648 cauponas
930 1591 979 1629 et
1003 1582 1259 1629 diversoria
1287 1581 1535 1641 tenebant,
1564 1582 1969 1630 commendaticiis
1996 1583 2182 1643 litteris,

662 1680 714 1718 ut
752 1672 875 1736 regis
912 1688 1058 1737 opera
1104 1672 1388 1736 negotiaque
1431 1681 1747 1736 procurarent
1786 1672 2065 1736 impetratis,
2114 1672 2184 1719 usi

660 1769 773 1807 sunt
809 1759 868 1806 ad
905 1760 1147 1825 propriam
1189 1776 1323 1806 suam
1364 1758 1642 1816 utilitatem,
1686 1758 1900 1806 vehicula
1941 1768 1990 1806 et
2033 1777 2184 1825 equos

657 1847 985 1913 requirebant,
1015 1848 1142 1913 apud
1175 1865 1225 1895 se
1262 1847 1532 1906 servabant,
1562 1856 1611 1895 et
1640 1846 1841 1895 reddere
1876 1847 2179 1907 recusabant,

658 1937 747 1983 nisi
765 1955 791 1984 a
804 1936 1159 2002 possessoribus
1181 1937 1293 2002 ipsis
1319 1937 1480 2001 inique
1503 1937 1711 2001 pretium
1733 1935 1845 1983 furti
1865 1937 2178 2001 accepissent.

657 2025 843 2085 Quibus
888 2025 1082 2073 tandem
1126 2024 1385 2073 sceleribus
1423 2025 1658 2072 Henricus
1704 2027 1770 2071 VI
1813 2023 1959 2072 finem
2001 2025 2181 2090 imponi

651 2114 808 2176 jussit,
830 2131 959 2161 anno
979 2115 1114 2179 regni
1133 2114 1362 2179 vigesimo
1388 2122 1558 2161 octavo
1574 2113 1604 2160 ¹.

718 2205 968 2250 Annorum
1010 2202 1206 2267 quidem
1246 2202 1470 2260 decursu,
1517 2218 1628 2249 cum
1666 2200 1889 2248 nonnulli
1926 2201 2179 2248 comitatus

652 2291 907 2355 pecuniam
944 2309 1032 2356 pro
1058 2290 1202 2338 rebus
1227 2291 1400 2352 emptis
1426 2289 1635 2338 debitam
1661 2287 2174 2358 difficilesobtinerent,

652 2388 850 2444 propter
874 2388 1147 2445 emptorum
1179 2380 1418 2442 regiorum
1441 2379 1704 2436 avaritiam,
1741 2385 1789 2425 et
1821 2376 2176 2425 multitudinem

650 2467 968 2528 officinarum,
996 2467 1311 2516 formularum
1331 2475 1379 2515 et
1412 2468 1611 2526 rituum,
1631 2465 1690 2513 ab
1720 2464 2011 2524 Elizabetha,
2035 2482 2172 2531 quar-

649 2564 752 2603 tum
795 2574 979 2604 annum
1025 2565 1276 2622 regnante,
1321 2557 1582 2622 petierunt,
1623 2564 1676 2603 ut
1713 2553 1990 2618 hujusmodi
2025 2555 2172 2602 vecti-

646 2644 831 2708 galibus
860 2645 1198 2705 liberarentur,
1229 2654 1278 2693 et
1309 2661 1478 2693 eorum
1511 2643 1618 2692 loco
1649 2659 1872 2690 nummos
1907 2642 2167 2691 solverent.

647 2733 789 2792 Quod
809 2750 919 2781 cum
941 2735 1095 2799 primo
1116 2743 1400 2792 recusasset,
1418 2742 1580 2798 postea
1605 2749 1717 2780 vero
1733 2731 1968 2779 concessit
1983 2732 2166 2795 regina,

645 2838 700 2869 ea
727 2822 952 2868 nimirum
978 2822 1271 2881 conditione,
1297 2830 1349 2869 ut
1375 2820 1606 2869 tributum
1626 2836 1841 2867 annuum
1870 2818 2065 2884 singulis
2084 2835 2167 2867 co-

644 2909 886 2957 mitatibus
908 2911 1254 2975 imponeretur,
1279 2911 1463 2957 ratione
1485 2909 1644 2957 habita
1662 2908 1904 2956 fructuum
1928 2907 2164 2967 omnium,

644 2996 704 3045 ab
725 3015 1019 3064 unoquoque
1044 3007 1185 3047 antea
1204 2998 1494 3047 debitorum.

700 3177 735 3214 1.
768 3180 868 3213 Scae.
891 3177 940 3214 28
963 3176 1119 3213 Henrici
1141 3178 1206 3223 VI,
1228 3187 1312 3227 cap.
1338 3175 1376 3213 2.
