2314 3736
986 349 1200 390 -89-

328 441 569 485 laudabiles
603 439 725 499 regni
772 438 1114 482 consuetudines
1144 449 1186 481 et
1224 438 1428 497 precipue
1463 439 1766 483 ecclesiasticas
1804 441 1857 484 li-

326 514 513 555 bertates
540 513 595 554 ab
624 511 831 554 omnibus
867 510 1075 553 oneribus
1104 509 1227 551 malis
1254 521 1296 551 et
1330 509 1516 552 illicitis⁷
1551 510 1677 554 facies
1705 514 1855 555 obser-

325 583 431 635 vari,
472 595 515 626 et
556 583 608 625 ad
651 583 732 625 hoc
770 581 1033 633 faciendum,
1084 580 1128 623 in
1167 581 1454 623 coronacione
1487 593 1583 634 tua,
1627 583 1854 641 prestitisti

325 654 548 713 corporale
576 655 922 711 juramentum⁹‚
965 663 1007 694 et
1037 668 1188 693 omnes
1227 651 1429 694 facientes
1465 664 1613 695 contra
1648 654 1854 697 articulos

324 736 551 768 contentos
573 724 615 767 in
639 726 795 782 Magna
823 725 952 766 Carta
979 734 1082 765 sunt
1103 722 1197 781 ipso
1220 723 1331 764 facto
1359 724 1740 776 excommunicati,
1766 743 1853 784 que

325 796 540 838 sentencia
563 812 640 855 per
666 795 810 838 sedem
838 794 1118 854 apostolicam
1141 805 1204 836 est
1241 794 1405 852 pluries
1437 795 1708 838 confirmata.
1751 798 1846 851 Qua

323 867 457 926 igitur
489 866 728 918 demencia,
771 877 813 908 et
847 865 1131 924 instigacione
1167 865 1376 907 diabolica
1419 866 1654 909 servientes
1694 867 1758 910 tui
1805 879 1854 910 ut

322 938 475 981 dicunt
500 949 542 980 et
563 954 840 996 precursores
867 936 1029 979 diaboli
1053 937 1106 979 de
1133 937 1354 990 domibus,
1375 937 1596 987 maneriis,
1630 939 1697 980 vel
1726 955 1850 997 gran-

321 1009 401 1069 giis
422 1009 484 1051 vel
507 1009 603 1051 aliis
625 1008 728 1051 locis
750 1008 1072 1067 episcoporum,
1113 1008 1380 1066 prelatorum
1413 1025 1485 1050 seu
1526 1009 1709 1052 aliarum
1751 1027 1850 1069 per-

320 1096 524 1123 sonarum
539 1079 919 1122 ecclesiasticarum
937 1090 1083 1121 contra
1100 1079 1337 1121 eorundem
1353 1080 1614 1131 voluntates,
1626 1081 1691 1123 vel
1707 1092 1848 1126 custo,-

319 1152 424 1194 dum
452 1167 597 1194 rerum
629 1151 881 1203 earundem,
913 1150 1077 1208 aliquid
1107 1150 1329 1202 auferunt,
1368 1151 1431 1193 vel
1461 1163 1746 1205 consumunt,
1786 1153 1849 1195 vel

319 1222 530 1280 injuriose
555 1222 857 1264 contractant?
885 1223 992 1264 Nam
1026 1222 1129 1263 tales
1157 1233 1260 1264 sunt
1291 1222 1386 1280 ipso
1416 1223 1526 1264 sacto
1549 1224 1846 1265 excommuni-

318 1293 416 1346 cati,
441 1305 483 1336 et
505 1310 580 1352 per
600 1309 869 1351 consequens
898 1304 1001 1335 sunt
1034 1294 1226 1335 membra
1255 1293 1417 1335 diaboli
1446 1309 1524 1335 nec
1551 1295 1715 1337 absolvi
1752 1312 1849 1354 pos-

318 1376 420 1407 sunt
441 1365 578 1406 donec
604 1364 657 1406 de
687 1364 860 1422 injuriis
895 1364 1180 1407 satisfecerint
1218 1376 1529 1423 competenter.
1565 1367 1608 1407 ln
1636 1366 1846 1409 constitu-

318 1436 437 1479 tione
449 1436 502 1478 de
515 1436 695 1478 Lameth
715 1433 975 1479 Pechamh...
995 1435 1156 1477 eisdem
1177 1436 1504 1494 temporibus...
1522 1437 1701 1495 capiunt
1713 1437 1843 1480 etiam

316 1523 450 1565 equos
471 1518 513 1549 et
532 1518 717 1549 careotas
739 1518 781 1549 et
809 1506 974 1549 faciunt
991 1523 1134 1550 servos
1158 1507 1320 1550 Christi
1343 1507 1538 1549 laborare
1560 1508 1630 1551 die
1650 1524 1697 1551 ac
1718 1520 1843 1552 nocte

315 1667 397 1713 rex)
418 1679 504 1709 om.,
530 1668 568 1702 F.
592 1687 636 1693 —
668 1666 682 1688 ⁷
698 1667 763 1714 (ab
783 1667 960 1702 omnibus
988 1667 1170 1702 oneribus
1198 1668 1308 1703 malis
1338 1675 1374 1703 et
1399 1668 1563 1715 illicitis)
1585 1681 1671 1710 om.,
1702 1669 1775 1711 Cl.,
1799 1670 1844 1704 V.

312 1805 358 1812 -
374 1798 411 1832 g.
432 1786 487 1820 De
499 1786 718 1820 Juramento
740 1798 872 1832 regum
888 1786 1061 1832 Angliae,
1085 1787 1144 1820 die
1164 1787 1423 1821 coronationis
1440 1788 1636 1833 praestito,
1658 1788 1704 1822 cf.
1727 1789 1844 1823 Brac-

313 1838 391 1874 ton,
421 1834 489 1874 111,
525 1835 559 1874 9,
588 1833 632 1867 de
664 1834 889 1868 Actionibas
916 1835 1085 1879 (Twiss.‚
1120 1835 1169 1875 11,
1200 1834 1312 1879 170.),
1345 1835 1527 1868 Thomam
1560 1835 1842 1881 Walsingham,

312 1881 499 1922 Historia,
523 1887 550 1914 t.
579 1881 608 1921 Ι,
633 1894 670 1927 p.
702 1883 885 1926 332-3383
918 1882 1062 1921 Sadler,
1086 1881 1202 1927 Right
1221 1884 1268 1927 of
1291 1881 1349 1916 tlte
1375 1881 1576 1926 Kingdom,
1603 1895 1667 1928 pp.
1695 1886 1750 1923 71,
1784 1886 1840 1923 80,

312 1929 355 1962 91
375 1942 382 1968 ;
420 1928 490 1962 Ch.
532 1929 706 1969 Bemont‚
747 1929 874 1963 Simon
917 1928 961 1962 de
991 1930 1186 1974 ΝΙοηίῙονε,
1219 1942 1255 1975 p.
1284 1931 1342 1964 97.
1370 1949 1416 1955 —
1451 1929 1552 1964 Haec
1586 1936 1644 1964 est
1682 1931 1843 1965 formula

309 1975 513 2021 juramenti
535 1977 637 2021 regis
658 1976 830 2021 Angliae,
851 1976 911 2010 die
932 1976 1192 2010 coronationis
1209 1989 1320 2011 suae:
1343 1976 1665 2023 Archiepiscopus
1682 1978 1842 2012 Cantua-

312 2023 465 2064 riensis,
486 2023 667 2057 mediocri
689 2029 725 2057 et
752 2024 928 2057 distincta
950 2035 1053 2063 voce,
1077 2023 1240 2069 publice,
1263 2036 1388 2057 coram
1407 2025 1562 2070 populo,
1589 2025 1843 2071 interrogabit

311 2081 458 2114 regem:
483 2070 588 2116 Syre,
608 2071 836 2104 wolez-vous
858 2076 1012 2116 granter
1041 2076 1078 2104 et
1104 2072 1243 2116 garder
1269 2077 1305 2105 et
1332 2084 1400 2116 par
1426 2078 1532 2106 votre
1561 2078 1727 2106 serment
1750 2085 1841 2107 con-

312 2117 451 2151 fermer
465 2130 511 2151 au
527 2118 662 2163 peuple
679 2118 940 2163 d'Engleterre
954 2119 987 2151 le
1000 2118 1083 2164 loys
1097 2124 1132 2151 et
1144 2119 1199 2152 les
1215 2124 1406 2152 custumes
1419 2131 1437 2152 a
1451 2131 1518 2152 eus
1537 2125 1691 2164 grantez
1703 2132 1771 2165 par
1785 2121 1841 2154 les

311 2164 491 2198 aunciens
510 2177 600 2211 roys
623 2165 884 2210 Dengleterre,
908 2165 1111 2199 dreiturelz
1133 2171 1169 2199 et
1190 2166 1349 2199 devoutz
1369 2178 1389 2199 a
1416 2166 1510 2206 Deu,
1541 2172 1577 2200 et
1603 2172 1842 2201 nomeement

310 2211 366 2244 les
384 2212 469 2257 loys
490 2217 527 2246 et
547 2212 603 2246 les
630 2218 822 2246 custumes
844 2218 881 2246 et
898 2213 953 2246 les
975 2213 1186 2246 franchises
1208 2219 1363 2258 grantez
1384 2226 1404 2247 a
1425 2213 1565 2259 clergie
1586 2219 1623 2248 et
1643 2227 1690 2248 au
1705 2214 1840 2260 people

309 2270 379 2304 par
400 2259 434 2292 le
455 2259 602 2305 glorius
626 2260 708 2305 Roy
729 2260 827 2293 seint
847 2259 1039 2294 Edward?

501 2307 744 2351 Respondeat
767 2307 864 2340 Rex:

355 2352 423 2387 Jeo
447 2353 502 2387 les
523 2359 657 2399 grante
675 2360 712 2387 et
733 2355 921 2400 garderay
942 2360 979 2388 et
1000 2366 1069 2400 par
1090 2360 1257 2388 serment
1277 2355 1552 2401 confermeray.

356 2399 450 2440 Sire,
475 2402 656 2446 garderez
673 2414 767 2435 vous
789 2414 809 2435 a
830 2401 911 2435 Deu
930 2406 966 2435 et
986 2414 1006 2435 a
1028 2401 1133 2435 Seint
1154 2402 1283 2447 Eglise
1305 2407 1342 2436 et
1359 2415 1406 2436 au
1427 2402 1567 2448 clergie
1588 2406 1624 2436 et
1641 2415 1688 2437 au
1702 2403 1838 2449 people

308 2458 377 2492 pes
399 2453 435 2481 et
456 2448 570 2482 acord
586 2460 632 2482 en
654 2449 749 2489 Deu,
772 2454 1006 2483 enterement
1025 2449 1133 2482 solon
1152 2455 1280 2483 vostre
1298 2449 1434 2495 poair?

499 2495 743 2540 Respondeat
765 2495 841 2529 Rex
859 2508 866 2530 :

353 2540 422 2575 Jeo
444 2542 499 2575 les
521 2543 720 2589 garderay.

353 2587 449 2629 Sire,
472 2589 584 2629 freez,
616 2602 710 2623 vous
741 2589 818 2624 fere
848 2601 893 2623 en
923 2594 1009 2624 touz
1039 2601 1106 2624 vos
1137 2591 1350 2636 iugementz
1379 2592 1494 2626 owele
1527 2591 1618 2638 (sic)
1651 2596 1689 2626 et
1717 2591 1836 2626 dreite

302 2635 440 2681 justice
462 2642 498 2670 et
516 2637 723 2671 discretion
742 2649 787 2671 en
805 2637 1053 2671 misericorde
1073 2643 1109 2671 et
1128 2639 1247 2673 vverite
1263 2638 1279 2672 Ρ

495 2684 738 2729 Respondeat
758 2685 835 2718 Rex
852 2697 858 2717 :

351 2729 626 2823 ’gisseiegi-Ziiiez
648 2790 742 2811 vous
763 2791 781 2812 a
805 2778 915 2819 tenir,
940 2785 977 2813 et
997 2785 1205 2825 promettez
1226 2792 1319 2814 vous
1348 2794 1368 2815 a
1395 2780 1576 2815 defendre
1604 2780 1659 2814 les
1686 2780 1770 2826 loys
1800 2785 1836 2814 et

305 2823 360 2857 les
378 2830 568 2859 custumes
589 2826 815 2859 dreitureles
836 2826 1002 2872 lesquels
1025 2828 1058 2860 la
1080 2827 1330 2861 communalte
1352 2829 1398 2862 de
1415 2833 1537 2861 vottre
1555 2828 1711 2862 roialme
1725 2839 1835 2862 avera

304 2871 388 2905 eslu
409 2876 446 2905 et
466 2873 521 2906 les
541 2873 731 2906 aforcerez
752 2874 786 2906 al
808 2873 959 2907 honnur
981 2875 1025 2908 de
1047 2873 1130 2908 Deu
1151 2875 1261 2909 solon
1281 2881 1409 2910 vostre
1430 2874 1569 2921 poair?

496 2920 740 2965 Respondeat
760 2921 837 2954 Rex
859 2933 865 2953 :

351 2965 420 2998 Jeo
442 2965 497 2999 les
516 2973 648 3012 grante
666 2973 704 3001 et
721 2968 776 3001 les
797 2973 957 3013 promet.

352 3011 437 3045 Hiis
459 3014 635 3048 omnibus
662 3015 925 3059 pronunciatis
956 3020 992 3049 et
1019 3016 1226 3056 concessis,
1257 3017 1454 3051 confirmet
1483 3029 1559 3057 rex,
1598 3021 1833 3051 sacramento

307 3061 496 3103 corporali
513 3073 628 3106 super
649 3063 766 3095 altare
782 3063 958 3107 protinus
977 3063 1151 3108 prestito,
1170 3076 1209 3097 se
1228 3065 1352 3098 omnia
1372 3063 1541 3109 predicta
1559 3076 1644 3098 esse
1664 3070 1834 3098 servatu-

302 3117 383 3139 rum
406 3107 569 3152 (Cotton.
596 3107 730 3142 Galba.
750 3110 793 3142 E.
816 3110 880 3148 IV,
905 3110 929 3142 f.
953 3111 968 3142 1
995 3109 1062 3155 v.).
1083 3129 1127 3135 —
1149 3110 1184 3143 h.
1205 3111 1398 3145 Johannes
1421 3112 1594 3152 Pecham,
1616 3111 1832 3156 Archiepis-

303 3165 421 3199 copus
455 3154 744 3190 Cantuariensis
775 3156 1030 3202 (1240·1292).
1067 3157 1369 3193 Constitutiones
1403 3159 1561 3193 Joannis
1593 3160 1637 3193 de
1672 3159 1829 3194 Pecham
