2314 3736
1096 367 1309 408 -92-

442 458 566 502 ribus
596 456 773 517 propria
804 457 917 498 bona
945 471 1033 498 non
1060 455 1280 507 tribuunt,
1314 456 1420 514 quid
1454 457 1578 501 saciet
1603 458 1657 502 de
1690 459 1751 503 eis
1777 460 1854 520 qui
1881 460 1967 504 eis’

441 529 618 589 propria
638 527 877 571 auferunt?
904 527 1031 570 Unde
1050 526 1189 586 glossa
1218 543 1347 586 super
1372 530 1497 582 Luc.,
1523 545 1609 572 non
1631 531 1968 589 reprehenditur

443 600 561 643 dives
587 599 689 658 quia
710 598 848 641 aliena
868 597 1030 657 rapuit,
1055 597 1129 640 sed
1151 597 1253 656 quia
1276 614 1352 641 sua
1368 615 1456 642 non
1479 601 1703 659 erogavit³.
1724 602 1845 656 Quid
1865 619 1966 662 ergo

443 682 508 714 est
529 670 567 713 ei
589 670 666 729 qui
686 669 824 712 aliena
845 668 1014 728 rapit‘?
1032 668 1214 711 Matthei
1230 685 1313 712 xxv
1332 685 1340 712 :
1372 671 1485 713 Tunc
1505 672 1617 715 dicet
1635 688 1716 715 rex
1736 673 1820 716 hiis
1840 677 1919 734 qui
1937 690 1968 716 a

442 747 634 786 sinistris
660 745 756 800 ejus
782 750 934 783 erunt:
962 741 1179 783 Discedite
1209 758 1236 783 a
1267 757 1332 784 me
1364 743 1589 786 maledicti
1613 747 1657 786 in
1695 748 1836 804 ignem
1861 755 1966 788 eter-

444 830 565 857 num.
607 814 800 866 Esurivi,
832 821 873 854 et
897 827 983 854 non
1015 812 1194 854 dedistis
1226 812 1360 856 michi
1392 814 1659 857 manducare
1675 820 1708 868 ⁰,
1741 826 1784 858 et
1808 827 1963 860 cetera.

444 885 528 928 Sed
551 883 799 942 raptoribus
818 882 978 942 poterit
998 894 1104 925 tunc
1120 883 1263 926 dicere
1286 900 1295 926 :
1321 884 1492 927 Esurivi
1514 896 1556 927 et
1580 885 1821 929 abstulistis
1834 886 1967 930 miehi

443 956 561 1015 quod
602 954 735 998 debui
776 953 1050 996 manducare.
1096 955 1154 996 2¹¹²
1187 965 1251 997 est
1278 954 1492 1014 simplex⁶
1531 956 1782 1000 malediecio
1814 957 1968 1001 vidua-

442 1043 541 1070 rum
562 1037 606 1069 et
625 1023 920 1085 pupillorum⁶
942 1040 1052 1083 quos
1075 1024 1157 1084 ipsi
1176 1025 1382 1084 spoliant,
1406 1027 1691 1070 Ecclesiastic.
1712 1044 1848 1070 xxxv:
1869 1029 1969 1073 Non

442 1099 645 1157 despiciet
674 1098 882 1139 Dominus
892 1111 1049 1154 preces
1061 1097 1225 1154 pupilli
1237 1096 1250 1117 ⁷
1280 1113 1356 1139 nee
1384 1099 1522 1151 vidue,
1546 1101 1588 1141 si
1605 1099 1800 1157 effundat
1826 1099 1968 1159 loque-

443 1170 531 1211 lam
553 1170 756 1226 gemitus.
796 1168 952 1210 Nonne
985 1168 1168 1209 lacrime
1199 1168 1324 1211 vidue
1350 1177 1391 1210 et
1418 1170 1588 1210 clamor
1612 1171 1706 1227 ejus
1732 1170 1971 1212 ascendunt

444 1240 507 1282 ad
539 1241 676 1281 Deum
714 1248 754 1280 et
796 1238 1006 1280 Dominus
1043 1239 1275 1280 exauditor
1299 1236 1422 1281 est⁶fl
1456 1240 1510 1281 Et
1542 1239 1766 1297 sequitur:
1809 1241 1972 1284 Reddet

446 1311 678 1354 vindictam
694 1314 721 1363 ⁰,
746 1309 800 1351 de
826 1308 1082 1366 hujusmodi
1106 1309 1473 1360 malefactoribus,
1497 1321 1539 1352 et
1561 1309 1604 1352 in
1633 1310 1838 1369 proximo
1857 1310 1969 1370 eapi-

444 1382 552 1425 tulo.
579 1380 700 1435 Quid
730 1396 832 1438 ergo
858 1379 970 1422 valet
996 1379 1031 1422 si
1059 1391 1207 1438 raptor
1235 1391 1329 1422 oret
1354 1391 1398 1423 et
1423 1397 1589 1440 pauper
1613 1392 1763 1424 contra
1789 1397 1889 1424 eum
1916 1381 1970 1424 ad

444 1452 686 1496 Dominum
718 1451 874 1493 clamet
900 1466 979 1508 pro
1008 1450 1156 1509 rapina
1191 1462 1234 1493 et
1266 1451 1427 1509 injuria
1457 1451 1496 1494 ei
1525 1452 1632 1494 facta
1659 1454 1786 1510 cujus
1824 1468 1971 1495 vocem

446 1523 648 1567 exaudiet
678 1521 932 1564 Dominus?
951 1522 1046 1564 Non
1081 1532 1145 1564 est
1174 1522 1359 1564 dubium
1392 1522 1500 1581 quin
1531 1523 1679 1566 audiet
1704 1523 1970 1582 deprecacio·

445 1611 545 1637 nem
573 1593 665 1636 lesi.
692 1595 750 1635 3¹¹¹
771 1603 834 1634 est
854 1608 975 1635 amor
991 1592 1151 1649 judicis
1173 1593 1357 1646 celestis,
1387 1610 1517 1652 quem
1536 1594 1666 1637 habet
1684 1594 1736 1636 ad
1759 1610 1971 1653 pauperes

443 1666 519 1725 qui
551 1664 795 1724 spoliantur
823 1663 877 1705 de
897 1662 1058 1721 quibus
1086 1663 1247 1706 dicitur
1272 1665 1397 1710 Matt.
1428 1681 1534 1708 xxv:
1563 1666 1691 1723 Quod
1706 1672 1783 1707 uni
1807 1681 1862 1708 ex·
1888 1672 1971 1708 mi·-

442 1741 572 1780 nimis
592 1743 699 1779 meis
713 1737 871 1795 fecisti,
897 1735 1028 1777 michi
1037 1733 1070 1788 d,
1099 1746 1141 1777 et
1158 1747 1311 1779 cetera.
1335 1737 1520 1795 Propter
1539 1736 1618 1779 hos
1639 1736 1772 1791 enim,
1789 1736 1908 1779 venit
1928 1735 1971 1779 in

444 1808 676 1852 mundum.
719 1806 901 1867 Propter
933 1805 1150 1848 miseriam
1190 1807 1370 1865 inopum
1411 1818 1452 1849 et
1498 1807 1708 1866 gemitum
1730 1822 1972 1866 pauperum

442 1895 561 1923 nunc
581 1895 804 1938 exurgam,
829 1880 933 1922 dicit
961 1879 1194 1922 Dominus.
1222 1879 1279 1920 4¹¹¹
1306 1889 1369 1920 est
1395 1894 1471 1937 per
1492 1879 1588 1931 hoc,
1612 1879 1728 1937 quod
1759 1893 1972 1937 pauperes

448 1967 557 2010 quos
579 1950 661 2009 ipsi
683 1951 979 2009 spoliaverunt
1001 1951 1196 2009 ipsorum
1214 1949 1384 2007 judices
1403 1960 1546 1992 erunt.
1571 1951 1653 1992 Job
1672 1965 1680 1992 :
1699 1948 1974 2008 Pauperibus

438 2023 658 2081 judicium
685 2022 864 2065 tribuite
886 2033 929 2064 et
955 2021 1156 2080 Sapienc.
1180 2037 1205 2062 v
1225 2037 1233 2063 ι
1271 2021 1386 2062 Tunc
1411 2021 1720 2079 stabuntjusti
1742 2023 1787 2063 in
1807 2035 1972 2078 magna

448 2096 703 2135 constancia
729 2094 942 2137 adversus
975 2108 1047 2135 eos
1082 2095 1158 2151 qui
1190 2107 1237 2133 se
1263 2094 1627 2149 angustiaverunt
1652 2101 1694 2133 et
1721 2093 1798 2150 qui
1822 2090 1974 2133 abstu-

453 2165 599 2206 lerunt
631 2164 801 2206 labores
827 2179 974 2206 eorum
991 2179 1004 2206 .·
1025 2164 1215 2207 videntes
1237 2162 1526 2204 turbabuntur
1546 2165 1699 2204 timore
1719 2161 1921 2204 horribili
1934 2170 1976 2204 et

449 2235 729 2277 mirabuntur
749 2238 793 2277 in
813 2235 1087 2277 subitacione
1112 2238 1332 2292 insperate
1351 2234 1526 2286 salutis,
1554 2233 1743 2275 dicentes
1769 2235 1886 2275 intra
1909 2247 1971 2284 se,

441 2309 737 2365 penitenciam
759 2315 861 2348 tunc
881 2315 1073 2363 agenteS,
1105 2304 1179 2347 sed
1200 2303 1331 2346 nimis
1358 2302 1479 2345 tarde
1499 2319 1507 2345 ε
1537 2305 1614 2346 Hii
1636 2295 1740 2359 sunt
1763 2318 1868 2362 quos
1887 2302 1975 2345 ali-

449 2377 626 2436 quando
651 2376 883 2418 habuimus
910 2382 954 2418 in
981 2377 1188 2428 derisum,
1218 2385 1259 2417 et
1284 2378 1328 2417 in
1357 2375 1681 2417 similitudinem
1705 2376 1971 2432 improperii.

449 2448 540 2492 Nos
571 2450 786 2489 insensati
819 2447 1129 2489 estimabamus
1162 2449 1292 2488 vitam
1321 2446 1495 2488 illorum
1522 2447 1759 2497 insaniam,
1785 2453 1826 2486 et
1842 2443 1976 2501 finem

450 2518 621 2560 illorum
650 2521 743 2560 sine
763 2517 939 2560 honore.
975 2517 1200 2575 Quomodo
1222 2532 1323 2575 ergo
1344 2518 1583 2574 computati
1604 2525 1706 2557 sunt
1729 2518 1841 2557 inter
1859 2514 1976 2571 filios

452 2590 544 2643 Dei,
576 2599 616 2631 et
647 2592 760 2631 inter
787 2598 961 2630 sanctos
990 2604 1086 2630 sors
1119 2588 1290 2630 illorum
1322 2597 1399 2629 est.
1435 2588 1556 2645 Ergo
1583 2589 1826 2629 erravimus
1846 2601 1875 2626 a
1905 2590 1977 2628 via

455 2663 651 2703 veritatis
672 2669 713 2702 et
726 2662 924 2718 justicie,
964 2660 1107 2702 lumen
1127 2675 1213 2701 non
1235 2660 1347 2701 luxit
1378 2658 1500 2700 nobis
1527 2667 1567 2699 et
1595 2657 1663 2699 sol
1686 2656 1978 2714 intelligencie

451 2746 538 2773 non
570 2740 634 2773 est
661 2740 780 2773 ortus
807 2729 945 2783 nobis,
977 2730 1137 2772 lassati
1162 2745 1307 2771 sumus
1339 2733 1383 2772 in
1405 2731 1473 2771 via
1501 2731 1741 2787 iniquitatis
1769 2736 1810 2769 et
1827 2726 1977 2785 perdi-

455 2804 591 2844 cionis
626 2811 666 2844 et
691 2801 1010 2844 ambulavimus
1041 2804 1084 2843 in
1112 2804 1204 2843 vias
1231 2799 1449 2858 difficileS,
1487 2803 1598 2843 viam
1625 2807 1770 2840 autem
1805 2798 1982 2840 Domini

455 2949 531 2984 ²ab
552 2950 642 2990 illis,
663 2949 736 2990 Cl..
760 2949 806 2985 V.
827 2950 871 2984 R.
892 2969 938 2975 —
955 2948 1211 2994 ³erogaverit,
1235 2947 1307 2987 Cl..
1332 2947 1377 2981 V.
1401 2947 1445 2981 R.
1466 2966 1508 2973 —
1534 2946 1740 2992 ⁴rapuerit,
1764 2945 1838 2985 Cl.,
1858 2945 1903 2979 V.
1933 2945 1976 2980 R.

454 3017 499 3024 —
521 2997 757 3043 ¹⁵muldplex,
782 2996 855 3037 cl..
879 2996 925 3030 V.
955 2996 999 3029 R.
1023 3015 1066 3022 —
1090 2995 1104 3017 ⁶
1120 2995 1360 3042 populorum,
1391 2994 1464 3034 cl„
1488 2994 1533 3028 V.
1560 2994 1603 3027 R.
1630 3013 1678 3020 —
1700 2992 1714 3014 ⁷
1730 2993 1873 3039 populi,
1902 2991 1976 3031 Cl..

502 3127 540 3149 α.
565 3115 671 3148 Mau.
694 3114 809 3152 XXV.
832 3115 888 3152 41.
911 3115 968 3148 42.
991 3132 1037 3139 —
1059 3112 1093 3146 b.
1117 3112 1232 3147 Eccli.
1256 3112 1403 3152 XXXV,
1433 3114 1490 3152 17,
1514 3113 1570 3151 18,
1600 3113 1657 3146 19.
1678 3131 1723 3138 -
1744 3123 1776 3145 c.
1799 3110 1897 3146 Ibid.
1919 3111 1977 3146 23.

456 3182 500 3189 —
522 3161 560 3196 d.
585 3161 691 3196 Mau.
718 3161 831 3202 XXV,
855 3162 912 3196 40.
938 3180 980 3187 —
1002 3172 1034 3195 e.
1057 3160 1143 3195 Job.
1166 3160 1333 3201 xxxvl,
1353 3162 1387 3196 6.
1406 3179 1452 3186 —
1471 3160 1500 3205 f.
1529 3158 1615 3206 Sap.
1639 3158 1683 3199 V,
1708 3159 1780 3193 1-9.
