2444 3750
1177 811 1374 858 CAPUT
1410 813 1453 856 II

1108 1014 1170 1045 DE
1203 1013 1533 1045 MANUSCRIPTIS

664 1239 705 1282 1.
736 1239 811 1282 De
831 1237 1034 1283 diversis
1053 1235 1417 1282 recensionz'bus
1449 1239 1703 1282 Traccacas
1729 1254 1759 1282 a
1787 1239 1985 1284 Simone

1105 1325 1228 1388 Islip
1263 1329 1544 1388 conscripti.

624 1507 876 1550 Tractatus
908 1520 935 1550 a
962 1503 1156 1550 Simone
1195 1503 1307 1568 Islip
1339 1504 1598 1568 conscripti
1621 1502 1744 1550 duae
1777 1503 2083 1551 recensiones

559 1600 887 1651 asservantur,
904 1591 963 1639 de
975 1609 1027 1639 re
1041 1591 1235 1656 quidem
1256 1609 1453 1657 prorsus
1466 1591 1651 1647 eadem,
1671 1591 1837 1639 iisdem
1851 1591 1911 1639 de
1931 1593 2084 1639 causis

564 1680 740 1740 editae,
792 1680 876 1728 sed
913 1679 1111 1728 diversis
1150 1680 1465 1746 temporibus,
1512 1680 1656 1727 modo
1711 1681 1853 1727 etiam
1895 1679 2083 1728 diverso

560 1770 870 1835 compositae,
900 1786 1105 1834 quarum
1125 1778 1330 1834 utraque
1356 1769 1537 1834 pluries
1563 1785 1704 1816 manu
1727 1769 1901 1834 scripta
1921 1769 2036 1816 est¹.

627 1857 726 1905 Sub
758 1857 938 1923 duplici
959 1856 1110 1904 forma
1137 1874 1211 1915 ea,
1241 1858 1510 1922 Speculum
1537 1857 1704 1922 Regis²
1731 1866 1919 1922 praesto
1945 1857 2083 1904 nobis

559 1955 714 1995 exstat
746 1947 793 1993 in
822 1946 1017 1993 decem³
1043 1945 1283 1993 codicibus
1314 1947 1674 2011 transcriptum,
1710 1963 1917 2011 quorum
1947 1954 2083 2011 post-

560 2052 706 2101 quam
726 2052 808 2083 eos
836 2036 937 2100 ipse
957 2036 1081 2082 inter
1101 2051 1151 2082 se
1172 2036 1462 2100 comparavi,
1491 2034 1568 2082 hic
1588 2034 1843 2082 elenchum
1865 2033 2078 2097 subjicio.

616 2193 652 2230 1.
688 2193 814 2230 Codex
847 2193 1090 2230 Cottonlanas
1119 2191 1297 2230 Faustina
1316 2194 1344 2229 B
1365 2194 1380 2230 I
1397 2191 1558 2243 (saeculo
1573 2191 1686 2243 xmo),
1707 2190 1771 2229 sol.
1793 2191 1882 2229 184³
1902 2212 1953 2218 —
1974 2191 2078 2238 191⁸,

1172 2255 1229 2309 (in
1250 2260 1404 2295 Musaeo
1424 2256 1671 2309 Britannico).
1830 2279 1851 2317 s

613 2323 653 2360 2.
719 2343 769 2351 —
932 2344 984 2351 —
1121 2322 1320 2374 Cleopatra
1340 2323 1374 2359 D
1389 2324 1444 2359 IX
1462 2321 1624 2372 (saeculo
1638 2321 1752 2372 xw0)‚
1769 2319 1833 2359 fot.
1851 2321 1991 2359 87²—1
2002 2319 2079 2366 12⁸,

1174 2387 1226 2439 (in
1244 2389 1400 2426 Musaeo
1423 2386 1671 2439 Britannico).

616 2559 653 2597 1.
684 2558 830 2597 Nostris
849 2558 963 2597 etiam
983 2558 1232 2611 temporibus,
1255 2558 1307 2597 ait
1325 2561 1389 2598 W.
1414 2559 1540 2605 Hook‚
1564 2571 1676 2610 saepe
1698 2557 1913 2596 nuntiatum
1932 2565 1988 2596 est
2006 2570 2080 2609 pu-

560 2617 673 2666 blice,
698 2619 776 2656 fore
789 2626 831 2656 ut
852 2634 868 2654 «
890 2620 1046 2668 Speculi
1061 2619 1174 2669 Regis
1191 2633 1208 2653 >³
1231 2618 1383 2656 codices
1402 2618 1576 2657 auctione
1591 2618 1793 2659 constituta
1810 2617 2078 2655 venderentur.

562 2681 632 2729 Op.
665 2679 747 2725 cit„
771 2690 811 2729 p.
835 2679 907 2717 136
929 2676 1065 2730 (nota).

613 2738 744 2776 Codex
772 2744 898 2774 autem
918 2743 983 2774 aut
1002 2736 1166 2782 codices,
1189 2749 1286 2787 quos
1309 2751 1326 2772 «
1350 2749 1463 2774 manu
1493 2736 1648 2787 propria
1675 2750 1692 2771 »
1721 2742 1854 2773 auctor
1882 2734 1963 2786 ipse
1994 2746 2082 2772 con-

560 2796 726 2847 scripsit,
751 2807 828 2833 non
847 2802 1011 2838 exstant,
1034 2803 1099 2833 aut
1122 2808 1308 2846 nusquam
1328 2795 1459 2833 saltem
1479 2795 1623 2832 inventi
1643 2802 1745 2835 sunt.

615 2857 654 2893 2.
685 2853 854 2892 Libellus
878 2854 1044 2892 Simonis
1076 2854 1168 2906 lslip
1201 2854 1305 2892 varie
1336 2853 1375 2891 in
1401 2853 1518 2891 variis
1549 2853 1747 2891 codicibus
1769 2851 2003 2897 inscribitur,
2031 2851 2079 2890 cf.

562 2913 675 2952 infra.

617 2974 654 3011 3.
689 2973 802 3010 Adde
827 2973 1032 3023 quemdam
1053 2971 1224 3010 codicem
1248 2979 1418 3009 notatum
1447 2971 1484 3008 in
1504 2983 1619 3022 opere
1643 2970 1705 3008 cui
1725 2969 1880 3007 titulus:
1906 2970 2084 3019 Catalogi

562 3031 746 3069 librorum
766 3033 1115 3081 manuscriptorum
1137 3032 1306 3080 Angliae
1324 3039 1364 3067 et
1386 3029 1594 3067 Hiberniae
1613 3031 1652 3066 in
1673 3042 1788 3066 unum
1812 3029 1977 3073 Collecti,
1996 3041 2082 3065 cum

563 3091 690 3128 indice
727 3090 983 3140 alphabetico,
1033 3088 1237 3142 (Oxoniae,
1280 3103 1301 3127 e
1345 3090 1493 3127 theatro
1533 3087 1804 3135 Sheldoniano,
1842 3091 1915 3125 An.
1965 3089 2079 3126 Dom.

565 3148 848 3202 MDCXCVII),
871 3162 910 3201 p.
933 3150 1026 3196 235,
1049 3162 1097 3188 ex
1117 3148 1226 3188 libris
1245 3148 1402 3188 Roberti
1419 3147 1654 3201 Burscough.
