2314 3736
989 349 1228 390 -155—

401 435 623 482 XXXII.
661 437 707 479 Si
728 438 826 495 quis
854 438 986 480 habet
1007 439 1227 497 querelam
1257 450 1405 482 contra
1434 451 1490 494 te,
1522 441 1578 483 sis
1613 442 1761 500 pocius
1788 448 1867 500 Pro

343 523 470 550 causa
501 508 621 551 illius
658 508 795 551 donec
824 509 904 551 tibi
936 521 1103 552 constet
1136 510 1189 552 de
1222 511 1413 564 veritate,
1445 512 1504 553 sic
1533 512 1694 555 debent
1725 513 1790 555 illi
1817 513 1870 555 de

340 579 522 621 consilio
550 590 626 622 tuo
648 590 759 622 stare
780 581 907 622 citius
930 597 1009 639 pro
1026 582 1218 638 justicia.
1246 582 1552 642 Sedintellige,
1577 583 1754 626 domine
1774 600 1866 638 rex,

341 650 463 709 quod
485 650 603 692 mille
630 662 671 692 et
698 651 815 693 mille
834 651 1031 694 homines
1050 652 1210 694 habent
1227 668 1397 695 causam
1413 665 1562 696 contra
1585 666 1626 696 te
1652 671 1731 714 pro
1753 655 1871 698 debi-

346 721 400 763 tis
429 722 515 764 tuis
532 738 618 764 non
648 722 817 766 solutis.
844 723 1032 765 Ordines
1059 740 1159 782 ergo
1181 723 1368 782 aliquem
1398 725 1562 767 bonum
1579 726 1772 777 modum,
1793 743 1869 785 pcr

342 809 487 852 quem,
518 793 662 835 debita
695 805 764 836 tua
800 794 968 852 possint
1007 795 1209 853 persolvi,
1247 806 1289 837 et
1324 796 1422 853 quia
1458 812 1501 838 es
1542 798 1586 839 in
1623 813 1740 839 mora
1782 797 1870 840 sol-

342 864 485 917 vendi,
511 865 668 907 teneris
688 865 740 907 ad
763 866 905 907 omnia
929 866 1083 908 damna
1105 866 1386 909 creditorum.

401 1005 645 1051 XXXIII.
682 1008 805 1060 Item,
831 1023 910 1066 pro
937 1019 1053 1050 certo
1075 1008 1290 1067 intelligas
1306 1009 1423 1067 quod
1445 1010 1478 1051 si
1501 1021 1621 1053 tenes
1635 1011 1800 1070 aliquid
1817 1012 1871 1055 de

341 1078 500 1129 alieno,
526 1079 613 1120 sive
634 1078 686 1120 de
704 1078 1064 1131 antecessoribus,
1089 1080 1176 1121 sive
1198 1096 1218 1121 a
1248 1091 1440 1139 tempore
1462 1092 1553 1134 tuo,
1578 1083 1721 1124 statim
1744 1084 1870 1125 resti-

345 1160 465 1191 tuere
482 1149 629 1192 debes.
654 1150 700 1192 Si
727 1161 870 1192 autem
893 1150 949 1192 sit
967 1166 1032 1192 res
1057 1152 1253 1202 obscura,
1287 1152 1414 1194 sacias
1441 1152 1671 1211 diligenter
1705 1154 1869 1212 inquiri

343 1237 419 1279 per
446 1221 644 1263 homines
673 1221 820 1263 fideles
842 1233 884 1263 et
904 1221 1126 1265 discretos.
1151 1223 1205 1264 Et
1226 1238 1274 1264 ex
1295 1223 1370 1264 hac
1388 1224 1634 1266 monicione
1652 1226 1865 1283 sequitur,

342 1292 457 1350 quod
477 1292 621 1334 omnia
643 1293 755 1334 bona
775 1292 1095 1347 defunctorum,
1120 1294 1173 1336 ad
1197 1305 1236 1335 te
1256 1294 1471 1347 devoluta,
1497 1312 1580 1354 que
1603 1312 1679 1354 per
1699 1312 1770 1338 eos
1794 1296 1870 1339 de-

344 1363 514 1405 functos
539 1363 698 1421 injuste
718 1363 878 1406 fuerint
897 1365 1122 1423 acquisita,
1155 1365 1312 1407 teneris
1335 1367 1561 1408 restituere
1590 1367 1676 1409 illis
1708 1368 1868 1425 quibus

343 1435 397 1477 de
413 1436 510 1492 jure
532 1434 763 1478 debentur.
791 1435 874 1477 Sed
899 1447 945 1478 ut
971 1437 1258 1478 communiter
1278 1436 1438 1479 dieitur
1459 1437 1540 1480 hoc
1560 1454 1646 1480 non
1668 1438 1787 1482 facis.

403 1576 644 1623 XXXIV.
681 1578 806 1628 Item,
831 1577 891 1619 sic
917 1577 1048 1636 dilige
1075 1593 1239 1636 pacem,
1270 1578 1388 1636 quod
1419 1594 1571 1621 omnes
1592 1578 1757 1621 subditi
1786 1579 1866 1631 tui,

345 1647 387 1690 in
416 1647 769 1707 paceetjusticia
793 1660 1034 1700 serventur,
1065 1660 1108 1691 et
1135 1648 1322 1691 maxime
1348 1649 1548 1708 religiose
1584 1661 1626 1692 et
1651 1650 1871 1693 ecclesias-

343 1720 425 1762 tice
446 1735 644 1778 persone.
675 1719 849 1762 Dicitur
875 1720 991 1762 enim
1013 1720 1066 1763 de
1088 1737 1186 1780 rege
1220 1714 1426 1780 Phili‘ppo
1459 1721 1579 1779 quod
1606 1721 1785 1780 quidam
1817 1723 1870 1764 de

342 1789 599 1832 consiliariis
627 1789 716 1833 suis
743 1790 854 1833 dixit
875 1790 913 1832 ei
936 1791 1083 1844 semel,
1108 1791 1226 1850 quod
1253 1791 1394 1834 clerici
1417 1792 1554 1835 multa
1574 1792 1731 1835 damna
1763 1792 1872 1835 infe-

344 1863 497 1904 rebant
523 1861 577 1912 ci,
605 1864 703 1920 jura
732 1878 807 1904 sua
835 1862 1105 1920 usurpando,
1134 1873 1176 1905 et
1197 1862 1470 1905 mirabantur
1489 1863 1606 1922 quod
1630 1863 1687 1905 ita
1720 1863 1870 1906 tolera-

344 1935 431 1975 bat.
457 1932 540 1976 Cui
566 1949 639 1975 rex
659 1932 876 1991 sapienter
897 1944 939 1975 et
962 1933 1187 1975 humiliter
1199 1934 1446 1992 respondit:
1467 1935 1608 1977 Credo
1621 1935 1731 1976 bene
1751 1935 1872 1993 quod

344 2019 439 2046 vera
468 2001 591 2055 dicis,
617 2003 690 2046 sed
712 2004 888 2061 quando
915 2004 1058 2063 cogito
1085 2004 1138 2046 de
1166 2004 1386 2047 beneficiis
1411 2022 1496 2064 que
1536 2004 1644 2047 mihi
1684 2006 1874 2048 contulit

343 2076 479 2128 Deus,
505 2074 660 2117 melius
687 2074 785 2116 volo
806 2075 895 2133 pati
917 2092 1047 2134 quam
1076 2075 1282 2118 suscitare
1309 2076 1577 2129 scandalum,
1603 2076 1716 2118 inter
1743 2093 1811 2119 me
1831 2088 1875 2119 et

324 2144 581 2189 ecclesiam.
612 2146 676 2187 Ex
704 2145 782 2187 bac
809 2145 1054 2188 monicione
1067 2146 1279 2205 sequitur,
1299 2147 1417 2205 quod
1440 2146 1671 2189 servientes
1699 2146 1761 2189 tui
1787 2163 1873 2189 non

343 2216 505 2259 debent
531 2232 597 2258 res
634 2215 798 2274 aliquas
827 2231 995 2275 capere,
1026 2233 1106 2276 pro
1139 2217 1299 2259 minori
1332 2217 1478 2276 precio
1508 2234 1639 2276 quam
1675 2218 1875 2260 venditor

343 2287 447 2329 velit
467 2287 584 2339 dare,
607 2298 649 2330 et
672 2287 707 2330 si
737 2286 916 2329 fecerint
945 2303 1090 2346 pacem
1113 2299 1155 2330 et
1177 2288 1399 2346 justiciam
1422 2304 1510 2331 non
1533 2299 1719 2332 servant.
1742 2291 1869 2332 Rom.

345 2374 443 2400 xm:
484 2359 573 2416 Qui
600 2359 745 2417 diligit
766 2362 1016 2416 proximum
1047 2360 1180 2417 legem
1208 2361 1411 2417 implevit.
1444 2360 1498 2401 Et
1533 2358 1756 2417 sequitur:
1787 2375 1875 2401 non

347 2433 649 2487 concupisces⁰
670 2445 760 2471 rem
790 2429 978 2487 proximi
1003 2429 1082 2473 tui.
1107 2431 1234 2472 Nunc
1254 2430 1508 2473 benedictus
1531 2431 1666 2483 Deus,
1688 2441 1751 2472 est
1790 2447 1874 2488 pax

346 2499 389 2542 in
419 2511 505 2542 tota
529 2499 607 2542 ista
638 2511 765 2552 terra,
798 2511 941 2558 preter
967 2517 1098 2559 quam
1131 2501 1173 2543 in
1205 2501 1401 2560 partibus
1425 2500 1486 2560 (in
1516 2500 1691 2560 quibus)
1722 2501 1796 2543 ubi
1827 2512 1872 2543 tu

345 2570 481 2613 venis,
514 2572 568 2612 Et
595 2570 648 2612 de
670 2571 765 2623 hoc,
793 2571 922 2613 debes
950 2573 1218 2624 erubescere,
1255 2588 1353 2615 cum
1380 2572 1536 2614 debeas
1558 2588 1706 2630 pacem
1734 2583 1875 2614 custo-

346 2641 440 2684 dire
460 2652 503 2683 et
523 2641 629 2684 alios
658 2641 863 2684 inducere
884 2642 986 2685 totis
1009 2642 1177 2686 nisibus
1220 2643 1321 2695 tuis,
1353 2643 1405 2686 ad
1427 2659 1575 2702 pacem
1607 2642 1789 2685 firmiter
1817 2654 1873 2685 te-

347 2712 551 2755 nendam.

404 2853 622 2901 XXXV.
669 2856 795 2910 Item,
840 2872 934 2899 ama
965 2873 1172 2916 personas
1216 2856 1538 2908 ecclesiasticas,
1580 2867 1622 2899 et
1670 2872 1788 2899 serva
1830 2855 1874 2898 in

346 2937 560 2984 quantum
590 2937 713 2985 potes
739 2943 887 2986 pacem
915 2943 1080 2972 earum.
1104 2945 1134 2972 11
1161 2927 1363 2972 Corinth.
1398 2927 1578 2971 ultimo:
1612 2928 1770 2970 Habete
1797 2944 1876 2986 pa-

394 3153 431 3178 a.
455 3142 563 3179 Rom.
586 3143 688 3185 XIII,
712 3145 745 3184 8,
771 3144 804 3182 9.
