2314 3736
1077 353 1317 394 —122—

435 440 710 498 malignitate
729 443 840 482 enim
862 450 1016 483 nostra
1041 446 1284 501 consumpti
1315 459 1476 488 sumus.
1517 445 1640 488 Talia
1675 447 1883 492 dixerunt
1913 451 1959 492 in

433 511 606 568 inferno
638 510 703 552 lcii
731 514 1151 569 quipeccaverunffi.
1185 514 1240 555 Et
1266 513 1373 556 dicit
1399 514 1501 557 Isid.
1528 516 1644 574 quod
1669 517 1804 574 gloria
1826 518 1959 577 hujus

437 580 592 622 mundi
615 580 782 623 modica
810 593 888 633 est,
913 582 1069 625 caduca
1099 595 1178 635 est,
1202 595 1245 626 et
1275 584 1435 643 fragilis
1464 586 1715 645 temporalis
1736 589 1955 646 potentia:

437 651 518 694 Dic
546 652 621 693 ubi
648 663 751 694 sunt
777 668 913 711 regeS,
946 654 1020 695 ubi
1049 654 1282 713 principes,
1309 657 1383 698 ubi
1411 656 1708 715 imperatores,
1740 659 1815 701 ubi
1844 658 1959 702 locu-

436 722 572 781 pletes
600 738 761 775 rerum,
796 723 870 765 ubi
900 733 1095 782 potentes
1127 725 1276 781 seculi,
1308 727 1384 768 ubi
1422 727 1577 770 divites
1599 728 1787 771 mundi?
1823 730 1960 785 Quasi

438 794 593 836 umbra
616 794 882 837 transierunt
903 805 945 837 et
966 795 1084 838 velut
1104 796 1212 838 ciuis
1234 809 1518 842 evanuerunt.

494 922 582 968 45.
620 923 658 965 Ο
699 922 877 965 domine
905 924 962 965 mi
991 940 1080 976 rex,
1114 925 1336 983 premissis
1366 927 1526 970 auditis
1559 939 1601 970 et
1637 929 1886 983 intellectis,
1923 942 1964 974 te

439 1009 595 1036 moneo
617 1010 665 1036 ex
690 1005 810 1053 parte
836 995 918 1036 Dei
940 996 1255 1054 omnipotentis
1286 1008 1328 1039 et
1354 1009 1500 1041 sancte
1526 999 1719 1052 ecclesie,
1755 1012 1797 1044 et
1825 1013 1866 1044 te
1893 1002 1961 1046 de·

438 1081 590 1124 precor
620 1081 668 1107 ex
696 1076 818 1124 parte
840 1066 990 1124 populi
1019 1067 1082 1109 tui
1100 1068 1346 1127 Anglicani,
1379 1069 1493 1127 quod
1524 1070 1565 1112 in
1594 1072 1897 1130 empcionibus
1923 1085 1966 1117 et

437 1136 772 1179 vendicionibus
800 1138 1019 1180 observari
1048 1138 1174 1181 facias
1191 1140 1264 1197 jus
1286 1155 1534 1193 commune,
1565 1141 1780 1194 videlicet,
1805 1155 1852 1186 ut
1870 1144 1964 1187 nul-

439 1208 507 1250 lus
533 1207 586 1250 de
607 1218 678 1249 tua
707 1208 842 1260 curia,
874 1225 951 1251 nec
976 1209 1085 1251 alius
1119 1210 1387 1268 quicunque,
1423 1212 1564 1270 capiat
1596 1229 1662 1255 res
1691 1214 1858 1272 aliquas
1885 1231 1964 1274 pro

442 1279 603 1320 minori
630 1280 774 1337 precio
800 1295 931 1337 quam
954 1280 1154 1322 venditor
1173 1281 1358 1323 voluerit
1388 1298 1457 1324 eas
1484 1283 1601 1334 dare,
1638 1300 1778 1343 neque
1805 1285 1965 1344 aliquis

442 1349 579 1392 invito
600 1349 780 1392 domino
808 1367 873 1392 res
891 1351 1058 1409 aliquas
1078 1353 1219 1410 capiat
1245 1352 1421 1397 alienas.
1447 1355 1574 1396 Juxta
1603 1354 1712 1397 illud
1744 1357 1845 1400 Ysa.
1871 1356 1928 1415 lxj
1951 1374 1961 1400 2

440 1422 536 1479 Ego
563 1422 774 1463 Dominus
801 1422 986 1480 diligens
995 1425 1223 1480 justiciam
1250 1434 1290 1466 et
1310 1425 1406 1466 odio
1434 1425 1600 1467 habens
1629 1429 1871 1484 rapinam0.
1910 1427 1965 1470 Et

441 1491 478 1534 si
500 1492 545 1534 in
567 1491 649 1534 hoc
675 1492 867 1534 audieris
888 1494 1102 1552 populum
1131 1505 1172 1536 et
1194 1494 1274 1536 hoc
1302 1495 1365 1537 illi
1387 1497 1663 1550 concesseris,
1689 1497 1868 1540 habebis
1889 1513 1966 1557 pa-

440 1578 532 1605 cem
560 1563 605 1605 in
635 1574 744 1605 terra
766 1564 846 1605 ista
873 1580 971 1606 cum
995 1565 1181 1607 subditis
1210 1566 1309 1608 tuis.
1349 1567 1474 1609 Unde
1503 1567 1563 1609 ait
1595 1568 1881 1611 Cassiodorus
1918 1569 1965 1612 in

440 1633 627 1692 quadam
656 1633 863 1693 epistola⁶
887 1651 895 1676 :
927 1637 975 1677 In
999 1635 1079 1678 hoc
1109 1637 1247 1694 gracia
1281 1637 1390 1696 regis
1427 1637 1653 1681 extollitur
1678 1650 1720 1681 et
1752 1650 1962 1694 servatur,

442 1705 477 1746 si
497 1704 542 1747 in
564 1705 755 1763 equitate
782 1706 896 1764 pacis
919 1706 1131 1765 populum
1153 1707 1309 1766 dirigat
1335 1719 1378 1750 et
1407 1708 1450 1750 in
1482 1709 1658 1766 justicie
1687 1710 1832 1769 vigore
1866 1726 1965 1753 con·

443 1786 596 1829 servet,
621 1787 663 1818 et
688 1776 809 1819 decet
828 1793 972 1835 regem
1000 1778 1219 1820 custodire
1247 1779 1523 1821 concordiam
1557 1780 1765 1838 quoniam
1793 1780 1846 1823 ad
1876 1781 1966 1824 lau-

443 1846 542 1888 dem
569 1847 710 1905 gentis
738 1847 940 1899 trahitur,
972 1848 1006 1890 si
1039 1849 1094 1891 ab
1127 1850 1332 1892 omnibus
1366 1865 1447 1908 pax
1475 1861 1659 1894 ametur.
1698 1851 1818 1905 Quid
1848 1852 1965 1894 enim

444 1928 508 1960 est
531 1918 649 1976 quod
675 1934 819 1976 regem
848 1918 913 1960 vel
935 1919 1176 1979 principem
1201 1920 1355 1962 melius
1369 1921 1490 1963 decet
1507 1921 1571 1964 vel
1593 1923 1736 1981 ipsum
1755 1922 1963 1980 predicet,

443 2004 575 2047 quam
606 1989 782 2047 quietus
829 1989 1035 2047 populus,
1074 2005 1254 2033 concors
1287 2002 1480 2034 servatus
1518 2003 1560 2034 et
1597 2003 1684 2035 tota
1721 1993 1967 2051 respublica

444 2075 615 2101 morum
643 2059 871 2102 honestate
895 2060 1061 2103 vestita.
1089 2061 1135 2102 Si
1162 2072 1307 2103 autem
1336 2062 1550 2121 populum
1566 2073 1691 2105 tuum
1714 2064 1759 2105 in
1782 2063 1863 2106 hoc
1877 2079 1966 2106 non

441 2130 648 2181 audieris,
673 2130 816 2172 veniet
844 2147 974 2189 super
994 2142 1036 2173 te
1063 2132 1293 2174 tribulacio
1322 2149 1475 2192 magna
1497 2144 1539 2175 et
1565 2144 1670 2175 tunc
1690 2133 1832 2176 dicere
1846 2144 1966 2193 pote-

442 2201 501 2243 ris
527 2200 638 2243 illud
667 2201 777 2245 Gen.
804 2198 940 2260 xlij0':
970 2204 1131 2244 Merito
1159 2203 1234 2245 hee
1246 2207 1405 2262 pacior
1430 2207 1538 2263 quia
1555 2208 1738 2262 peccavi
1762 2207 1806 2246 in
1824 2205 1968 2247 subdi-

443 2282 508 2315 tos
530 2288 645 2314 meos
673 2273 823 2316 videns
841 2276 1094 2332 angustiam
1122 2274 1296 2316 illorum
1326 2275 1429 2316 dum
1459 2291 1526 2317 me
1551 2275 1900 2333 deprecabantur
1928 2285 1968 2318 et

395 2392 398 2395 .
444 2343 567 2385 nolui
590 2358 662 2385 eos
689 2344 861 2398 audire,
885 2354 926 2385 et
950 2345 1113 2386 idcireo
1134 2348 1246 2387 venit
1271 2361 1403 2403 super
1428 2361 1495 2387 me
1521 2345 1770 2390 tribulacio.
1806 2346 1861 2388 Et
1886 2345 1970 2388 hoc

445 2413 600 2455 accidit
626 2413 738 2472 patri
766 2425 863 2468 tu03
894 2414 1012 2457 unde
1031 2415 1193 2457 dicitur
1215 2416 1314 2474 Sap.
1341 2417 1379 2474 vj
1409 2415 1594 2458 :Audite
1626 2432 1748 2474 reges
1780 2425 1822 2459 et
1849 2417 1968 2459 intel-

446 2485 566 2543 ligite
587 2499 601 2526 .·
623 2488 824 2544 quoniam
852 2485 961 2527 data
981 2495 1045 2527 est
1064 2485 1188 2528 nobis
1209 2502 1238 2527 a
1253 2487 1439 2529 Domino
1465 2488 1554 2529 Deo
1575 2497 1783 2544 potestas,
1809 2492 1884 2546 qui
1902 2489 1969 2529 in-

447 2555 690 2613 terrogabit
716 2572 850 2614 opera
889 2566 1031 2598 vestra
1074 2566 1114 2598 et
1140 2559 1426 2615 cogitaciones
1460 2558 1727 2599 scrutabitur
1749 2572 1763 2599 :
1790 2567 1831 2600 et
1867 2560 1969 2616 quia

446 2642 530 2667 non
556 2627 803 2669 custodistis
819 2627 953 2685 legem
972 2630 1149 2685 justicie
1168 2643 1245 2670 nec
1266 2629 1496 2670 secundum
1515 2628 1772 2671 voluntatem
1798 2627 1845 2682 [f.
1869 2628 1968 2682 141]

446 2698 529 2739 Dei
552 2697 810 2740 ambulastis
823 2713 841 2752 ;
859 2701 942 2741 cito
969 2698 1199 2756 apparebit
1226 2699 1342 2742 vobis
1357 2699 1574 2757 judicium
1606 2699 1731 2742 valde
1757 2699 1917 2741 durum
1930 2696 1964 2741 α.

446 2767 502 2809 Et
522 2767 637 2820 ideo,
662 2768 821 2811 iterum
844 2780 885 2811 te
911 2769 1091 2811 consulo
1113 2780 1153 2811 et
1182 2785 1354 2823 moneo,
1379 2769 1497 2828 quod
1519 2769 1572 2812 de
1591 2780 1735 2812 cetero
1762 2785 1850 2812 non
1877 2780 1970 2812 uta-

442 2837 501 2881 ris
529 2838 725 2897 predicto
762 2839 989 2882 maledicto
1021 2841 1294 2899 prerogativo
1333 2841 1445 2884 sicut
1484 2839 1639 2883 fecerat
1674 2851 1796 2899 pater
1835 2851 1965 2893 tuus3

440 2910 565 2967 juxta
588 2909 699 2953 illud
724 2909 861 2954 Levit.
892 2911 993 2968 xviij
1024 2921 1066 2952 et
1086 2911 1158 2953 xix
1181 2926 1188 2952 :
1214 2911 1358 2955 Nolite
1378 2913 1531 2970 facere
1557 2927 1624 2965 ea,
1665 2927 1747 2971 que
1767 2913 1967 2970 fecerunt

495 3110 533 3132 a.
562 3099 651 3134 lsai.
676 3099 773 3139 LXI,
794 3101 828 3134 8.
849 3119 897 3126 —
918 3099 952 3133 b.
969 3099 1113 3133 Aurelii
1129 3099 1486 3145 CassiodoriEpist.
1504 3099 1639 3139 XXIII,
1655 3101 1698 3134 P.
1720 3101 1775 3139 L.,
1793 3105 1819 3134 t.
1836 3099 1967 3139 LXIX,

447 3158 483 3192 p.
507 3147 588 3181 524.
610 3166 657 3173 —
674 3159 705 3181 c.
727 3146 822 3181 Gen.
842 3146 959 3188 XLII,
981 3148 1037 3181 21.
1060 3167 1105 3173 —
1122 3145 1160 3181 d.
1178 3146 1264 3193 Sap.
1282 3147 1346 3187 Vl,
1369 3148 1402 3187 2,
1421 3148 1452 3187 4,
1471 3148 1504 3187 5,
1524 3149 1618 3183 6.-
1636 3158 1668 3183 e.
1690 3146 1966 3186 Levit.XV111.
