2444 3750
994 391 1206 432 -75-

331 518 476 568 esset,
514 517 566 556 ut
594 508 803 566 dolores,
839 525 1026 565 sensus,
1063 508 1236 565 minas,
1278 507 1603 571 querimonias
1636 506 1855 566 haberet,

331 606 568 662 quantum
605 614 725 662 opus
754 605 898 654 esset,
927 596 975 642 id
1007 605 1097 654 est,
1135 612 1232 642 non
1267 594 1463 659 ubique,
1492 604 1540 643 et
1572 596 1621 642 in
1658 595 1860 660 singulis

331 685 559 743 articulis,
584 685 666 732 sed
690 686 736 731 in
753 694 854 732 toto
874 685 1070 749 quidem
1089 701 1310 748 corpore.
1333 687 1438 730 Jam
1452 683 1534 730 illa
1550 701 1648 730 non
1662 684 1856 749 longam

331 775 599 820 orationem
619 773 908 831 desiderant,
939 772 1255 837 quamobrem
1283 772 1608 819 existimemus
1635 789 1859 836 magnam

331 879 435 909 esse
461 861 822 909 similitudinem
851 863 977 908 inter
1007 862 1254 908 Simonem
1284 861 1398 925 Islip
1427 868 1476 908 et
1501 861 1725 925 antiquos
1751 861 1859 908 illos

333 951 477 1008 viros,
500 951 584 1014 qui
608 971 630 995 «
659 967 743 997 sua
761 950 917 997 studia
942 949 1133 1014 regibus
1161 949 1275 996 olim
1296 948 1668 1014 praesentabant
1696 969 1738 996 ».

398 1038 552 1086 Facile
589 1039 815 1087 nimirum
856 1038 1102 1085 intellectu
1147 1046 1236 1096 est,
1282 1038 1438 1101 inquit
1482 1037 1580 1096 ille,
1619 1037 1763 1102 quale
1801 1038 1861 1084 sit

332 1126 545 1174 officium
575 1127 777 1191 regium,
809 1126 964 1191 qualis
994 1127 1122 1191 regia
1150 1126 1374 1190 dignitas,
1410 1125 1546 1188 cujus
1576 1126 1646 1172 vis
1675 1122 1858 1184 innata,

333 1216 527 1262 nomine
558 1216 663 1280 ipso
695 1214 1003 1279 significatur.
1046 1235 1066 1258 «
1103 1218 1202 1262 Rex
1233 1215 1362 1261 enim
1395 1214 1585 1271 dicitur,
1621 1215 1705 1279 qui
1740 1215 1862 1278 regit

333 1304 570 1369 populum
615 1304 872 1368 sapienter,
928 1303 1276 1368 rempublicam
1323 1302 1519 1361 utiliter,
1565 1311 1614 1349 et
1650 1304 1860 1368 seipsum

335 1393 637 1440 innocenter¹
659 1412 702 1439 ».
724 1396 749 1438 J
753 1409 965 1450 amvero,
985 1409 1043 1438 ex
1061 1390 1230 1438 officiis
1249 1408 1360 1456 erga
1382 1394 1558 1449 Deum,
1583 1400 1814 1456 tanquam
1833 1409 1860 1439 e

332 1480 484 1540 fonte,
522 1490 681 1528 cetera
716 1482 840 1544 regis
875 1479 1031 1527 officia
1064 1479 1347 1527 deducenda
1382 1496 1487 1526 esse
1518 1488 1700 1527 censet.
1733 1480 1861 1540 Quid

333 1577 406 1616 est
434 1585 605 1616 causae
632 1585 719 1615 cur
743 1585 829 1615 rex
854 1569 1064 1633 optimus
1086 1568 1317 1630 justitiam
1344 1576 1520 1625 servet,
1554 1567 1862 1632 prudentiam

334 1659 379 1704 in
413 1656 763 1721 largitionibus,
803 1656 1186 1704 moderationem
1222 1657 1269 1702 in
1309 1655 1579 1720 sumptibus
1616 1655 1858 1715 adhibeat,

333 1747 423 1793 nisi
442 1746 552 1810 quia
566 1749 724 1793 Deum
744 1754 994 1793 reveretur
1013 1754 1157 1810 atque
1177 1744 1361 1808 diligit?
1377 1748 1515 1791 Amat
1534 1745 1663 1792 enim
1683 1747 1858 1804 Deum,

333 1834 371 1880 si
400 1834 449 1880 in
478 1833 570 1881 hoc
603 1835 815 1881 imitatur
841 1833 984 1880 Illum
1014 1854 1035 1878 «
1066 1842 1119 1880 ut
1151 1833 1264 1880 velit
1296 1832 1520 1880 omnibus
1552 1832 1782 1898 prodesse
1814 1842 1862 1881 et

333 1922 454 1969 nulli
479 1922 680 1970 nocere¹
705 1943 749 1970 ».

397 2011 520 2058 Nihil
546 2020 706 2058 autem
727 2012 886 2076 potius
906 2028 990 2058 rex
1018 2011 1194 2058 habere
1220 2010 1381 2070 debet,
1411 2028 1556 2076 quam
1585 2018 1637 2057 ut
1652 2010 1863 2073 justitiae

333 2117 516 2158 amore,
544 2099 841 2157 defensione,
871 2109 918 2147 et
944 2101 1254 2147 veneratione
1286 2099 1662 2163 diligentissima,
1703 2099 1862 2145 hono-

332 2205 434 2235 rem
458 2191 578 2246 Deo,
604 2187 691 2235 sibi
722 2205 834 2235 vero
856 2189 1001 2234 totius
1029 2188 1195 2253 populi
1220 2204 1436 2235 amorem
1465 2188 1703 2246 conciliet,
1729 2187 1864 2250 cujus

333 2277 559 2323 nimirum
586 2276 836 2324 obtinendi
860 2293 1002 2324 causa
1027 2276 1215 2323 nullum
1242 2275 1475 2335 laborem,
1506 2276 1695 2323 nullum
1722 2293 1860 2323 cona-

333 2373 435 2411 tum
471 2365 739 2412 detrectare
773 2365 904 2412 velit.
939 2365 1080 2426 Quod
1117 2373 1167 2412 ut
1198 2373 1537 2430 prosequatur,
1575 2381 1632 2412 eo
1674 2365 1862 2411 virtutis

330 2454 496 2500 venire
530 2453 692 2512 debet,
730 2463 783 2501 ut
819 2455 1063 2522 propriam
1101 2454 1354 2501 utilitatem
1389 2453 1595 2501 libenter
1629 2452 1857 2518 negligat,

330 2559 588 2589 commune
632 2551 794 2590 autem
829 2542 1013 2589 bonum
1048 2541 1271 2589 omnibus
1306 2543 1391 2588 viis
1434 2542 1744 2606 quantumvis
1786 2559 1858 2588 ar-

331 2630 437 2676 duis
465 2632 812 2678 consectetur³.
850 2632 898 2677 Si
930 2631 1125 2695 quando
1151 2631 1396 2695 contingat
1429 2639 1480 2677 ut
1517 2631 1643 2677 inter
1673 2647 1857 2695 paupe-

329 2735 435 2765 rem
467 2727 515 2765 et
535 2719 729 2766 divitem
757 2719 812 2765 lis
838 2721 1098 2777 exoriatur,
1133 2720 1199 2766 illi
1219 2720 1379 2784 potius
1400 2736 1484 2766 rex
1510 2718 1683 2777 faveat,
1713 2735 1859 2783 quam

329 2806 457 2865 huic,
498 2807 654 2855 donec
680 2807 763 2855 fiat
787 2825 864 2855 res
891 2808 1033 2873 plane
1059 2808 1354 2856 manifesta&
1387 2812 1493 2855 Non
1527 2816 1600 2855 est
1619 2806 1854 2872 profectO,

385 2997 419 3034 1.
451 2997 608 3045 A§16,

381 3056 419 3092 2.
451 3056 523 3104 Αξ
549 3058 582 3093 1.

383 3115 421 3152 3.
455 3115 608 3163 Agffi.

382 3175 423 3212 4.
455 3174 712 3224 B§XXX11.
