2444 3750
1205 349 1414 392 -14-

612 471 658 533 b)
681 475 735 519 In
758 469 1002 535 Digbiensi
1031 470 1058 531 ἓ
1088 472 1135 527 3,
1169 469 1292 515 circa
1332 467 1497 527 finem,
1535 467 1734 515 affertur
1777 469 1864 518 iste
1907 473 2069 520 Sancti

546 561 763 625 Gregorii
793 559 956 606 locus:
992 579 1013 602 «
1052 561 1211 604 Amor
1242 573 1360 620 erga
1376 561 1672 622 proximum
1689 557 1811 621 plus
1831 570 2071 622 operatur

545 651 726 697 bonum
754 666 902 713 quam
931 648 1120 711 lingua.
1151 666 1172 689 »
1198 649 1251 692 In
1274 645 1545 710 Cleopatra,
1571 645 1689 693 hacc
1712 647 1770 693 ita
1799 656 1911 694 sunt
1935 656 2070 695 tran-

546 739 753 803 scripta:
797 737 970 802 ...plus
1007 746 1246 800 operatur
1281 735 1463 780 bonum
1499 752 1623 798 opus
1652 753 1802 799 quam
1833 736 1937 800 lig&
1974 736 2070 784 Sed

544 828 671 875 inter
701 826 848 874 lineas
877 824 1085 890 desuper
1123 824 1310 888 scripsit
1346 822 1598 870 librarius:
1639 842 1661 870 c<
1703 825 1840 886 Quid
1871 829 1933 871 sit
1970 842 2069 872 non

544 916 780 979 intelligo,
813 932 877 961 ex
895 920 1130 978 impresso
1152 915 1391 976 Gregorio
1412 912 1623 976 intelligi
1629 924 1812 976 potest.
1836 933 1857 958 »
1890 917 2069 962 Iterum

542 1005 662 1052 haec
697 1003 883 1068 singula
911 1002 1053 1050 tradit
1084 1002 1235 1049 codex
1271 1005 1422 1048 'Vetus
1450 1002 1640 1065 Regius,
1676 1002 1933 1050 insolutam
1970 1002 2070 1051 lec-

543 1095 723 1141 tionem
751 1093 857 1157 lig',
886 1101 935 1139 et
962 1100 1124 1138 notam
1151 1091 1276 1137 inter
1305 1090 1455 1136 lineas
1481 1091 1702 1155 positam.

609 1184 650 1243 c)
706 1180 973 1246 Digbiensis
1032 1181 1059 1241 ξ
1114 1181 1161 1238 6,
1226 1179 1385 1226 Sancti
1443 1179 1689 1243 Augustini
1743 1180 2070 1228 testimonium

545 1270 786 1318 adducit¹.
834 1273 1016 1316 Locum
1050 1267 1276 1315 eumdem
1305 1266 1448 1315 refert
1484 1267 1757 1332 Cleopatra,
1790 1268 1879 1315 hac
1908 1277 2068 1316 tamen

544 1360 760 1425 apposita
779 1367 890 1405 nota
912 1359 959 1403 in
979 1358 1218 1421 margine:
1236 1357 1316 1403 lzic
1337 1356 1471 1402 locus
1490 1360 1760 1419 Augustini
1775 1374 1873 1403 non
1889 1362 2071 1404 citatur

544 1453 748 1513 integre.
785 1451 953 1505 Porro,
986 1447 1033 1493 in
1068 1450 1242 1494 Vetere
1273 1446 1418 1509 Regio
1454 1462 1650 1510 prorsus
1684 1444 1853 1492 eadem
1890 1447 2068 1494 inserta

542 1546 616 1585 est
635 1536 1002 1584 animadversio.

607 1627 652 1689 d)
689 1630 956 1684 Postremo,
991 1624 1120 1690 apud
1153 1623 1460 1689 Digbiensem
1487 1626 1513 1686 ξ
1547 1627 1621 1682 11,
1651 1623 1891 1671 habentur
1917 1624 2064 1672 haec:

545 1754 576 1766 ..
589 1734 705 1765 ,ηοη
730 1726 843 1763 sunt
862 1716 925 1762 de
930 1714 1140 1774 familia
1157 1714 1268 1761 licet
1289 1714 1548 1760 videantur
1568 1724 1614 1760 et
1633 1714 1866 1760 dicantur
1898 1714 1961 1760 de
1973 1715 2066 1772 fa-

541 1806 682 1854 milia
703 1817 806 1852 tua.
829 1805 878 1851 Si
898 1805 946 1850 in
967 1803 1222 1868 Cleopatra
1243 1820 1342 1850 non
1368 1803 1542 1850 desunt
1567 1802 1685 1850 haec
1710 1801 1874 1861 verba,
1903 1803 1967 1849 ita
1992 1811 2067 1849 ta-

541 1911 654 1942 men
674 1893 1033 1957 suntexscripta
1053 1900 1103 1938 ut
1123 1908 1176 1938 ea
1194 1908 1302 1956 pars
1317 1908 1440 1955 quae
1456 1891 1641 1955 incipit:
1661 1891 1771 1937 licet
1787 1891 2061 1947 videantur,

541 1992 751 2050 ponatur
768 1983 816 2029 in
839 1982 1069 2046 margine.
1083 1984 1233 2028 Vetus
1252 1981 1441 2044 Regius,
1460 1997 1514 2026 ea
1532 1980 1731 2026 omnino
1746 1978 1929 2044 profert
1948 1980 2069 2026 sicut

543 2072 785 2120 habentur
805 2072 852 2118 in
875 2070 1147 2135 Cleopatra.
1177 2072 1312 2130 Quae
1337 2069 1496 2115 omnia
1521 2085 1635 2116 sane
1662 2068 1763 2131 ejus
1790 2077 1902 2115 sunt
1927 2085 2067 2133 gene-

543 2162 626 2220 ris,
664 2177 790 2226 quae
822 2177 919 2207 non
948 2160 1249 2206 inventorem
1286 2158 1511 2223 prodant,
1553 2157 1636 2205 sed
1669 2174 1855 2205 merum
1893 2174 2068 2225 opera-

543 2251 687 2309 rium,
716 2249 992 2297 illiteratum
1019 2247 1153 2294 illum
1173 2246 1368 2312 quidem
1389 2255 1437 2294 et
1464 2247 1700 2311 ineptum.
1738 2225 2065 2315 Quaspropter,

546 2343 775 2387 Veterem
809 2338 1008 2403 Regium
1032 2353 1092 2384 ex
1125 2335 1379 2401 Cleopatra
1406 2352 1510 2383 esse
1542 2343 1790 2382 exaratum
1807 2330 1899 2382 'vix
1923 2333 2066 2381 dubi-

545 2437 647 2476 tare
667 2426 797 2475 licet.

610 2520 788 2563 Eorum
820 2531 944 2580 quae
978 2513 1324 2579 disputavimus
1352 2512 1603 2577 hucusque
1637 2511 1755 2560 haec
1785 2511 2059 2559 summatim

543 2603 749 2652 conflata
787 2604 847 2650 sit
877 2602 1148 2650 conclusio:
1178 2601 1489 2667 primigenius
1522 2609 1680 2648 textus
1710 2600 2002 2648 recensionis
2028 2602 2065 2646 A

545 2692 790 2740 invenitur
814 2692 863 2738 in
890 2690 1151 2755 Digbiensi,
1173 2689 1233 2736 ad
1253 2706 1396 2754 quem
1421 2689 1604 2736 accedit
1630 2688 2059 2754 Cantabrigiensis3

544 2780 604 2828 ab
634 2780 806 2828 eodem
837 2763 1062 2827 aberrant
1079 2778 1224 2844 paulo
1245 2777 1353 2843 plus
1380 2794 1490 2824 cum
1518 2778 1758 2836 Faustina,
1790 2786 1892 2824 tum
1922 2776 2067 2824 Cleo-

545 2878 700 2935 patra,
728 2886 786 2916 ex
811 2885 909 2934 quo
934 2867 1128 2933 quidem
1156 2866 1324 2914 ultimo
1344 2865 1507 2914 codice
1532 2867 1797 2931 exscriptus
1817 2873 1890 2912 est
1920 2868 2072 2912 Vetus

549 2959 739 3023 Regius.

606 3142 807 3191 1.A§6.

2432 858 2444 1080 ‘uhu—*M
2437 826 2444 849 .-
2441 810 2444 815 .
2437 757 2444 793 2.—

2440 1344 2444 1345 ,
2432 1138 2444 1317 *nn-dhflsa-
2439 1092 2444 1124 ...x

2423 1505 2427 1514 ,
2420 1442 2428 1446 0

2438 1597 2444 1605 .
2436 1583 2444 1588 ι
2440 1573 2444 1577 .
2432 1490 2444 1564 ,κ’-4·
2430 1402 2444 1485 ...ai-i.
2439 1382 2444 1396 ff
