<?xml version="1.0" encoding="UTF-8"?>
<!DOCTYPE html PUBLIC "-//W3C//DTD XHTML 1.0 Transitional//EN"
    "http://www.w3.org/TR/xhtml1/DTD/xhtml1-transitional.dtd">
<html xmlns="http://www.w3.org/1999/xhtml" xml:lang="en" lang="en">
 <head>
  <title>
</title>
<meta http-equiv="Content-Type" content="text/html;charset=utf-8" />
  <meta name='ocr-system' content='tesseract 3.04.00' />
  <meta name='ocr-capabilities' content='ocr_page ocr_carea ocr_par ocr_line ocrx_word'/>
</head>
<body>
  <div class='ocr_page' id='page_1' title='image "./despeculoregised00isliuoft_0096.png"; bbox 0 0 2314 3736; ppageno 0'>
   <div class='ocr_carea' id='block_1_1' title="bbox 1117 379 1330 421">
    <p class='ocr_par' dir='ltr' id='par_1_1' title="bbox 1117 379 1330 421">
     <span class='ocr_line' id='line_1_1' title="bbox 1117 379 1330 421; baseline 0 -10"><span class='ocrx_word' id='word_1_1' title='bbox 1117 379 1330 421; x_wconf 81' lang='grc'>-86-</span> 
     </span>
    </p>
   </div>
   <div class='ocr_carea' id='block_1_2' title="bbox 448 468 1985 1379">
    <p class='ocr_par' dir='ltr' id='par_1_2' title="bbox 448 468 1985 1379">
     <span class='ocr_line' id='line_1_2' title="bbox 458 468 1975 532; baseline -0.001 -17"><span class='ocrx_word' id='word_1_2' title='bbox 458 488 618 532; x_wconf 85' lang='lat' dir='ltr'><em>panem</em></span> <span class='ocrx_word' id='word_1_3' title='bbox 635 472 870 514; x_wconf 81' lang='lat' dir='ltr'><em>desudanti</em></span> <span class='ocrx_word' id='word_1_4' title='bbox 887 469 1019 513; x_wconf 72' lang='lat' dir='ltr'>cibos-⁶</span> <span class='ocrx_word' id='word_1_5' title='bbox 1038 479 1102 512; x_wconf 83' lang='lat' dir='ltr'>est</span> <span class='ocrx_word' id='word_1_6' title='bbox 1121 472 1253 529; x_wconf 84' lang='lat' dir='ltr'><em>quasi</em></span> <span class='ocrx_word' id='word_1_7' title='bbox 1276 472 1352 529; x_wconf 85' lang='lat' dir='ltr'>qui</span> <span class='ocrx_word' id='word_1_8' title='bbox 1369 470 1523 512; x_wconf 79' lang='lat' dir='ltr'>occidit</span> <span class='ocrx_word' id='word_1_9' title='bbox 1538 475 1790 528; x_wconf 75' lang='lat' dir='ltr'>proximum</span> <span class='ocrx_word' id='word_1_10' title='bbox 1809 468 1975 514; x_wconf 48' lang='lat' dir='ltr'>suum&amp;</span> 
     </span>
     <span class='ocr_line' id='line_1_3' title="bbox 460 541 1982 600; baseline -0.002 -14"><span class='ocrx_word' id='word_1_11' title='bbox 460 543 591 586; x_wconf 89' lang='lat' dir='ltr'>Mich.</span> <span class='ocrx_word' id='word_1_12' title='bbox 611 542 657 600; x_wconf 86' lang='lat' dir='ltr'>iij</span> <span class='ocrx_word' id='word_1_13' title='bbox 676 559 684 584; x_wconf 78' lang='lat' dir='ltr'><strong><em>z</em></strong></span> <span class='ocrx_word' id='word_1_14' title='bbox 707 542 795 600; x_wconf 81' lang='lat' dir='ltr'>Qui</span> <span class='ocrx_word' id='word_1_15' title='bbox 804 541 1012 585; x_wconf 76' lang='lat' dir='ltr'><em>violenter</em></span> <span class='ocrx_word' id='word_1_16' title='bbox 1026 541 1184 584; x_wconf 84' lang='lat' dir='ltr'>tollunt</span> <span class='ocrx_word' id='word_1_17' title='bbox 1193 541 1301 583; x_wconf 89' lang='lat' dir='ltr'>bona</span> <span class='ocrx_word' id='word_1_18' title='bbox 1310 541 1471 599; x_wconf 83' lang='lat' dir='ltr'>populi</span> <span class='ocrx_word' id='word_1_19' title='bbox 1485 543 1571 583; x_wconf 83' lang='lat' dir='ltr'>mei</span> <span class='ocrx_word' id='word_1_20' title='bbox 1583 541 1812 584; x_wconf 82' lang='lat' dir='ltr'><em>comedunt</em></span> <span class='ocrx_word' id='word_1_21' title='bbox 1824 556 1982 584; x_wconf 82' lang='lat' dir='ltr'>carnes</span> 
     </span>
     <span class='ocr_line' id='line_1_4' title="bbox 448 610 1981 673; baseline -0.002 -17"><span class='ocrx_word' id='word_1_22' title='bbox 448 615 608 673; x_wconf 83' lang='lat' dir='ltr'>populi</span> <span class='ocrx_word' id='word_1_23' title='bbox 631 619 716 655; x_wconf 82' lang='lat' dir='ltr'>mei</span> <span class='ocrx_word' id='word_1_24' title='bbox 741 622 783 655; x_wconf 83' lang='lat' dir='ltr'>et</span> <span class='ocrx_word' id='word_1_25' title='bbox 795 612 956 670; x_wconf 83' lang='lat' dir='ltr'><em>pellem</em></span> <span class='ocrx_word' id='word_1_26' title='bbox 984 627 1133 654; x_wconf 82' lang='lat' dir='ltr'>eoram</span> <span class='ocrx_word' id='word_1_27' title='bbox 1156 612 1342 669; x_wconf 82' lang='lat' dir='ltr'><em>desuper</em></span> <span class='ocrx_word' id='word_1_28' title='bbox 1365 614 1699 654; x_wconf 71' lang='lat' dir='ltr'>excoriaverunt</span> <span class='ocrx_word' id='word_1_29' title='bbox 1707 626 1725 664; x_wconf 91' lang='lat'><em>;</em></span> <span class='ocrx_word' id='word_1_30' title='bbox 1756 622 1799 654; x_wconf 87' lang='lat' dir='ltr'>et</span> <span class='ocrx_word' id='word_1_31' title='bbox 1833 610 1981 671; x_wconf 85' lang='lat' dir='ltr'>sequi·</span> 
     </span>
     <span class='ocr_line' id='line_1_5' title="bbox 455 681 1981 740; baseline -0.002 -13"><span class='ocrx_word' id='word_1_32' title='bbox 455 695 529 727; x_wconf 90' lang='lat' dir='ltr'>tur</span> <span class='ocrx_word' id='word_1_33' title='bbox 554 683 715 726; x_wconf 87' lang='lat' dir='ltr'>ibidem</span> <span class='ocrx_word' id='word_1_34' title='bbox 742 700 751 726; x_wconf 92' lang='lat'>:</span> <span class='ocrx_word' id='word_1_35' title='bbox 783 684 896 727; x_wconf 90' lang='lat' dir='ltr'>Cum</span> <span class='ocrx_word' id='word_1_36' title='bbox 926 682 1090 725; x_wconf 89' lang='lat' dir='ltr'>suerint</span> <span class='ocrx_word' id='word_1_37' title='bbox 1117 682 1160 724; x_wconf 91' lang='lat' dir='ltr'>in</span> <span class='ocrx_word' id='word_1_38' title='bbox 1196 681 1485 724; x_wconf 83' lang='lat' dir='ltr'>tribulacione</span> <span class='ocrx_word' id='word_1_39' title='bbox 1516 693 1557 724; x_wconf 90' lang='lat' dir='ltr'>et</span> <span class='ocrx_word' id='word_1_40' title='bbox 1590 681 1783 740; x_wconf 86' lang='lat' dir='ltr'>periculo</span> <span class='ocrx_word' id='word_1_41' title='bbox 1815 682 1981 724; x_wconf 87' lang='lat' dir='ltr'>clama-</span> 
     </span>
     <span class='ocr_line' id='line_1_6' title="bbox 457 752 1980 812; baseline -0.001 -14"><span class='ocrx_word' id='word_1_42' title='bbox 457 756 561 798; x_wconf 86' lang='lat' dir='ltr'>bunt</span> <span class='ocrx_word' id='word_1_43' title='bbox 593 755 655 797; x_wconf 89' lang='lat' dir='ltr'>ad</span> <span class='ocrx_word' id='word_1_44' title='bbox 681 755 911 797; x_wconf 83' lang='lat' dir='ltr'>Dominum</span> <span class='ocrx_word' id='word_1_45' title='bbox 945 763 986 796; x_wconf 89' lang='lat' dir='ltr'>et</span> <span class='ocrx_word' id='word_1_46' title='bbox 1016 769 1104 795; x_wconf 89' lang='lat' dir='ltr'>non</span> <span class='ocrx_word' id='word_1_47' title='bbox 1143 754 1348 795; x_wconf 78' lang='lat' dir='ltr'>exaudiet</span> <span class='ocrx_word' id='word_1_48' title='bbox 1387 769 1459 795; x_wconf 87' lang='lat' dir='ltr'>eos</span> <span class='ocrx_word' id='word_1_49' title='bbox 1497 762 1538 795; x_wconf 90' lang='lat' dir='ltr'>et</span> <span class='ocrx_word' id='word_1_50' title='bbox 1568 752 1802 795; x_wconf 79' lang='lat' dir='ltr'><em>abscondet</em></span> <span class='ocrx_word' id='word_1_51' title='bbox 1821 753 1980 812; x_wconf 82' lang='lat' dir='ltr'>faciem</span> 
     </span>
     <span class='ocr_line' id='line_1_7' title="bbox 453 822 1982 884; baseline -0.001 -16"><span class='ocrx_word' id='word_1_52' title='bbox 453 842 581 869; x_wconf 80' lang='lat' dir='ltr'>suam</span> <span class='ocrx_word' id='word_1_53' title='bbox 609 826 664 868; x_wconf 87' lang='lat' dir='ltr'>ab</span> <span class='ocrx_word' id='word_1_54' title='bbox 689 828 764 874; x_wconf 82' lang='lat' dir='ltr'>eis,</span> <span class='ocrx_word' id='word_1_55' title='bbox 794 828 907 867; x_wconf 78' lang='lat' dir='ltr'>sieut</span> <span class='ocrx_word' id='word_1_56' title='bbox 931 828 1129 884; x_wconf 84' lang='lat' dir='ltr'>nequiter</span> <span class='ocrx_word' id='word_1_57' title='bbox 1158 827 1326 882; x_wconf 80' lang='lat' dir='ltr'>egerint</span> <span class='ocrx_word' id='word_1_58' title='bbox 1355 827 1398 866; x_wconf 86' lang='lat' dir='ltr'>in</span> <span class='ocrx_word' id='word_1_59' title='bbox 1423 825 1558 882; x_wconf 78' lang='lat' dir='ltr'>sactis</span> <span class='ocrx_word' id='word_1_60' title='bbox 1591 826 1680 865; x_wconf 81' lang='lat' dir='ltr'>suis</span> <span class='ocrx_word' id='word_1_61' title='bbox 1693 822 1720 867; x_wconf 70' lang='lat'>¹.</span> <span class='ocrx_word' id='word_1_62' title='bbox 1759 824 1852 866; x_wconf 88' lang='lat' dir='ltr'>Hoc</span> <span class='ocrx_word' id='word_1_63' title='bbox 1877 823 1982 867; x_wconf 81' lang='lat' dir='ltr'>dicit</span> 
     </span>
     <span class='ocr_line' id='line_1_8' title="bbox 459 893 1978 955; baseline -0.001 -16"><span class='ocrx_word' id='word_1_64' title='bbox 459 896 678 940; x_wconf 89' lang='lat' dir='ltr'>Dominus</span> <span class='ocrx_word' id='word_1_65' title='bbox 696 895 985 955; x_wconf 84' lang='lat' dir='ltr'>principibus,</span> <span class='ocrx_word' id='word_1_66' title='bbox 1006 894 1198 953; x_wconf 87' lang='lat' dir='ltr'>regibus,</span> <span class='ocrx_word' id='word_1_67' title='bbox 1218 894 1472 936; x_wconf 89' lang='lat' dir='ltr'>hominibus</span> <span class='ocrx_word' id='word_1_68' title='bbox 1490 893 1674 952; x_wconf 88' lang='lat' dir='ltr'>singulis</span> <span class='ocrx_word' id='word_1_69' title='bbox 1689 905 1731 936; x_wconf 89' lang='lat' dir='ltr'>et</span> <span class='ocrx_word' id='word_1_70' title='bbox 1750 893 1978 939; x_wconf 81' lang='lat' dir='ltr'>universis.</span> 
     </span>
     <span class='ocr_line' id='line_1_9' title="bbox 455 962 1982 1026; baseline -0.001 -16"><span class='ocrx_word' id='word_1_71' title='bbox 455 967 596 1026; x_wconf 84' lang='lat' dir='ltr'>Igitur</span> <span class='ocrx_word' id='word_1_72' title='bbox 615 978 665 1010; x_wconf 93' lang='lat' dir='ltr'>ut</span> <span class='ocrx_word' id='word_1_73' title='bbox 686 969 799 1009; x_wconf 87' lang='lat' dir='ltr'>bona</span> <span class='ocrx_word' id='word_1_74' title='bbox 820 977 895 1009; x_wconf 90' lang='lat' dir='ltr'>tua</span> <span class='ocrx_word' id='word_1_75' title='bbox 924 966 1034 1008; x_wconf 80' lang='lat' dir='ltr'>sama</span> <span class='ocrx_word' id='word_1_76' title='bbox 1057 965 1110 1008; x_wconf 88' lang='lat' dir='ltr'>de</span> <span class='ocrx_word' id='word_1_77' title='bbox 1130 977 1273 1008; x_wconf 88' lang='lat' dir='ltr'>cetero</span> <span class='ocrx_word' id='word_1_78' title='bbox 1299 975 1579 1008; x_wconf 86' lang='lat' dir='ltr'>conservetur</span> <span class='ocrx_word' id='word_1_79' title='bbox 1599 964 1735 1018; x_wconf 84' lang='lat' dir='ltr'>illesa,</span> <span class='ocrx_word' id='word_1_80' title='bbox 1766 976 1809 1007; x_wconf 93' lang='lat' dir='ltr'>et</span> <span class='ocrx_word' id='word_1_81' title='bbox 1833 962 1939 1008; x_wconf 84' lang='lat' dir='ltr'>velis</span> <span class='ocrx_word' id='word_1_82' title='bbox 1958 980 1982 1008; x_wconf 88' lang='lat' dir='ltr'>a</span> 
     </span>
     <span class='ocr_line' id='line_1_10' title="bbox 458 1035 1980 1097; baseline -0.002 -16"><span class='ocrx_word' id='word_1_83' title='bbox 458 1040 551 1082; x_wconf 92' lang='lat' dir='ltr'>Deo</span> <span class='ocrx_word' id='word_1_84' title='bbox 571 1049 614 1080; x_wconf 90' lang='lat' dir='ltr'>et</span> <span class='ocrx_word' id='word_1_85' title='bbox 636 1054 657 1080; x_wconf 88' lang='lat' dir='ltr'>a</span> <span class='ocrx_word' id='word_1_86' title='bbox 680 1037 845 1097; x_wconf 90' lang='lat' dir='ltr'>populo</span> <span class='ocrx_word' id='word_1_87' title='bbox 860 1036 1014 1095; x_wconf 81' lang='lat' dir='ltr'>diligi⁷‚</span> <span class='ocrx_word' id='word_1_88' title='bbox 1038 1047 1081 1079; x_wconf 91' lang='lat' dir='ltr'>et</span> <span class='ocrx_word' id='word_1_89' title='bbox 1097 1036 1227 1079; x_wconf 87' lang='lat' dir='ltr'>etiam</span> <span class='ocrx_word' id='word_1_90' title='bbox 1249 1035 1470 1087; x_wconf 84' lang='lat' dir='ltr'>honorari,</span> <span class='ocrx_word' id='word_1_91' title='bbox 1495 1036 1660 1078; x_wconf 88' lang='lat' dir='ltr'>bonum</span> <span class='ocrx_word' id='word_1_92' title='bbox 1682 1046 1724 1078; x_wconf 90' lang='lat' dir='ltr'>et</span> <span class='ocrx_word' id='word_1_93' title='bbox 1745 1035 1852 1078; x_wconf 87' lang='lat' dir='ltr'>utile</span> <span class='ocrx_word' id='word_1_94' title='bbox 1867 1035 1980 1079; x_wconf 87' lang='lat' dir='ltr'>vide·</span> 
     </span>
     <span class='ocr_line' id='line_1_11' title="bbox 455 1106 1981 1168; baseline -0.002 -16"><span class='ocrx_word' id='word_1_95' title='bbox 455 1120 529 1152; x_wconf 87' lang='lat' dir='ltr'>tur</span> <span class='ocrx_word' id='word_1_96' title='bbox 555 1109 675 1168; x_wconf 91' lang='lat' dir='ltr'>quod</span> <span class='ocrx_word' id='word_1_97' title='bbox 697 1108 931 1151; x_wconf 87' lang='lat' dir='ltr'>servientes</span> <span class='ocrx_word' id='word_1_98' title='bbox 953 1107 1016 1150; x_wconf 87' lang='lat' dir='ltr'>tui</span> <span class='ocrx_word' id='word_1_99' title='bbox 1037 1107 1171 1150; x_wconf 86' lang='lat' dir='ltr'>nichil</span> <span class='ocrx_word' id='word_1_100' title='bbox 1192 1117 1395 1166; x_wconf 86' lang='lat' dir='ltr'>caperent</span> <span class='ocrx_word' id='word_1_101' title='bbox 1420 1118 1570 1149; x_wconf 82' lang='lat' dir='ltr'>contra</span> <span class='ocrx_word' id='word_1_102' title='bbox 1598 1106 1866 1149; x_wconf 85' lang='lat' dir='ltr'>voluntatem</span> <span class='ocrx_word' id='word_1_103' title='bbox 1882 1122 1981 1149; x_wconf 86' lang='lat' dir='ltr'><em>ven·</em></span> 
     </span>
     <span class='ocr_line' id='line_1_12' title="bbox 455 1177 1985 1237; baseline -0.003 -14"><span class='ocrx_word' id='word_1_104' title='bbox 455 1179 665 1232; x_wconf 81' lang='lat' dir='ltr'>(litorum,</span> <span class='ocrx_word' id='word_1_105' title='bbox 689 1190 732 1222; x_wconf 91' lang='lat' dir='ltr'>et</span> <span class='ocrx_word' id='word_1_106' title='bbox 753 1190 859 1222; x_wconf 92' lang='lat' dir='ltr'>tunc</span> <span class='ocrx_word' id='word_1_107' title='bbox 879 1178 1133 1237; x_wconf 83' lang='lat' dir='ltr'>ubicunque</span> <span class='ocrx_word' id='word_1_108' title='bbox 1154 1177 1320 1220; x_wconf 88' lang='lat' dir='ltr'>venires</span> <span class='ocrx_word' id='word_1_109' title='bbox 1348 1177 1391 1219; x_wconf 90' lang='lat' dir='ltr'>in</span> <span class='ocrx_word' id='word_1_110' title='bbox 1419 1193 1551 1235; x_wconf 87' lang='lat' dir='ltr'>regno</span> <span class='ocrx_word' id='word_1_111' title='bbox 1574 1189 1664 1229; x_wconf 85' lang='lat' dir='ltr'>tuo,</span> <span class='ocrx_word' id='word_1_112' title='bbox 1686 1177 1884 1220; x_wconf 87' lang='lat' dir='ltr'>homines</span> <span class='ocrx_word' id='word_1_113' title='bbox 1905 1193 1985 1220; x_wconf 88' lang='lat' dir='ltr'>un-</span> 
     </span>
     <span class='ocr_line' id='line_1_13' title="bbox 455 1247 1981 1310; baseline -0.003 -16"><span class='ocrx_word' id='word_1_114' title='bbox 455 1251 589 1310; x_wconf 90' lang='lat' dir='ltr'>dique</span> <span class='ocrx_word' id='word_1_115' title='bbox 611 1250 810 1293; x_wconf 90' lang='lat' dir='ltr'>venirent</span> <span class='ocrx_word' id='word_1_116' title='bbox 829 1261 873 1292; x_wconf 90' lang='lat' dir='ltr'>et</span> <span class='ocrx_word' id='word_1_117' title='bbox 892 1249 1099 1292; x_wconf 87' lang='lat' dir='ltr'>afferrent</span> <span class='ocrx_word' id='word_1_118' title='bbox 1119 1248 1372 1291; x_wconf 87' lang='lat' dir='ltr'>omnimoda</span> <span class='ocrx_word' id='word_1_119' title='bbox 1401 1248 1599 1291; x_wconf 85' lang='lat' dir='ltr'>victualia</span> <span class='ocrx_word' id='word_1_120' title='bbox 1621 1248 1700 1291; x_wconf 89' lang='lat' dir='ltr'>tibi</span> <span class='ocrx_word' id='word_1_121' title='bbox 1723 1259 1765 1291; x_wconf 89' lang='lat' dir='ltr'>et</span> <span class='ocrx_word' id='word_1_122' title='bbox 1791 1247 1981 1291; x_wconf 86' lang='lat' dir='ltr'>servien-</span> 
     </span>
     <span class='ocr_line' id='line_1_14' title="bbox 456 1320 1527 1379; baseline -0.004 -13"><span class='ocrx_word' id='word_1_123' title='bbox 456 1322 575 1366; x_wconf 87' lang='lat' dir='ltr'>tibus</span> <span class='ocrx_word' id='word_1_124' title='bbox 590 1321 676 1365; x_wconf 89' lang='lat' dir='ltr'>tuis</span> <span class='ocrx_word' id='word_1_125' title='bbox 705 1321 941 1364; x_wconf 85' lang='lat' dir='ltr'>necessaria</span> <span class='ocrx_word' id='word_1_126' title='bbox 969 1320 1100 1363; x_wconf 87' lang='lat' dir='ltr'>etiam</span> <span class='ocrx_word' id='word_1_127' title='bbox 1128 1320 1181 1362; x_wconf 91' lang='lat' dir='ltr'>ad</span> <span class='ocrx_word' id='word_1_128' title='bbox 1202 1331 1370 1379; x_wconf 85' lang='lat' dir='ltr'>portam</span> <span class='ocrx_word' id='word_1_129' title='bbox 1393 1330 1527 1362; x_wconf 89' lang='lat' dir='ltr'>tuam.</span> 
     </span>
    </p>
   </div>
   <div class='ocr_carea' id='block_1_3' title="bbox 454 1461 2034 2721">
    <p class='ocr_par' dir='ltr' id='par_1_3' title="bbox 454 1461 2034 2721">
     <span class='ocr_line' id='line_1_15' title="bbox 517 1461 1980 1521; baseline -0.003 -13"><span class='ocrx_word' id='word_1_130' title='bbox 517 1463 565 1509; x_wconf 84' lang='lat'>3.</span> <span class='ocrx_word' id='word_1_131' title='bbox 602 1462 674 1505; x_wconf 86' lang='lat' dir='ltr'>Sic</span> <span class='ocrx_word' id='word_1_132' title='bbox 705 1462 822 1505; x_wconf 90' lang='lat' dir='ltr'>enim</span> <span class='ocrx_word' id='word_1_133' title='bbox 853 1462 1068 1506; x_wconf 86' lang='lat' dir='ltr'>faciebant</span> <span class='ocrx_word' id='word_1_134' title='bbox 1094 1461 1294 1504; x_wconf 87' lang='lat' dir='ltr'>homines</span> <span class='ocrx_word' id='word_1_135' title='bbox 1331 1473 1526 1521; x_wconf 88' lang='lat' dir='ltr'>tempore</span> <span class='ocrx_word' id='word_1_136' title='bbox 1562 1461 1671 1520; x_wconf 85' lang='lat' dir='ltr'>regis</span> <span class='ocrx_word' id='word_1_137' title='bbox 1710 1461 1886 1505; x_wconf 88' lang='lat' dir='ltr'>Henrici</span> <span class='ocrx_word' id='word_1_138' title='bbox 1916 1461 1980 1505; x_wconf 90' lang='lat' dir='ltr'>ul·</span> 
     </span>
     <span class='ocr_line' id='line_1_16' title="bbox 457 1532 1982 1592; baseline 0 -16"><span class='ocrx_word' id='word_1_139' title='bbox 457 1533 567 1577; x_wconf 76' lang='lat' dir='ltr'>timi.</span> <span class='ocrx_word' id='word_1_140' title='bbox 600 1535 657 1576; x_wconf 92' lang='lat' dir='ltr'>Et</span> <span class='ocrx_word' id='word_1_141' title='bbox 676 1533 711 1576; x_wconf 92' lang='lat' dir='ltr'>si</span> <span class='ocrx_word' id='word_1_142' title='bbox 733 1534 816 1576; x_wconf 93' lang='lat' dir='ltr'>hoc</span> <span class='ocrx_word' id='word_1_143' title='bbox 838 1533 961 1586; x_wconf 89' lang='lat' dir='ltr'>fiant,</span> <span class='ocrx_word' id='word_1_144' title='bbox 991 1532 1067 1576; x_wconf 89' lang='lat' dir='ltr'>ubi</span> <span class='ocrx_word' id='word_1_145' title='bbox 1095 1544 1187 1576; x_wconf 86' lang='lat' dir='ltr'>erat</span> <span class='ocrx_word' id='word_1_146' title='bbox 1212 1532 1334 1592; x_wconf 85' lang='lat' dir='ltr'>prius</span> <span class='ocrx_word' id='word_1_147' title='bbox 1355 1533 1481 1575; x_wconf 89' lang='lat' dir='ltr'>dolor</span> <span class='ocrx_word' id='word_1_148' title='bbox 1506 1543 1548 1575; x_wconf 91' lang='lat' dir='ltr'>et</span> <span class='ocrx_word' id='word_1_149' title='bbox 1574 1532 1771 1585; x_wconf 84' lang='lat' dir='ltr'>tristicia,</span> <span class='ocrx_word' id='word_1_150' title='bbox 1802 1548 1920 1576; x_wconf 91' lang='lat' dir='ltr'>nunc</span> <span class='ocrx_word' id='word_1_151' title='bbox 1938 1543 1982 1576; x_wconf 90' lang='lat' dir='ltr'>et</span> 
     </span>
     <span class='ocr_line' id='line_1_17' title="bbox 457 1603 2034 1664; baseline -0.001 -16"><span class='ocrx_word' id='word_1_152' title='bbox 457 1604 502 1648; x_wconf 88' lang='lat' dir='ltr'>in</span> <span class='ocrx_word' id='word_1_153' title='bbox 529 1616 753 1664; x_wconf 90' lang='lat' dir='ltr'>posterum</span> <span class='ocrx_word' id='word_1_154' title='bbox 771 1604 854 1647; x_wconf 88' lang='lat' dir='ltr'>erit</span> <span class='ocrx_word' id='word_1_155' title='bbox 872 1604 1081 1662; x_wconf 86' lang='lat' dir='ltr'>gaudium</span> <span class='ocrx_word' id='word_1_156' title='bbox 1109 1614 1152 1646; x_wconf 91' lang='lat' dir='ltr'>et</span> <span class='ocrx_word' id='word_1_157' title='bbox 1177 1603 1316 1646; x_wconf 89' lang='lat' dir='ltr'>leticia</span> <span class='ocrx_word' id='word_1_158' title='bbox 1338 1603 1392 1646; x_wconf 88' lang='lat' dir='ltr'>de</span> <span class='ocrx_word' id='word_1_159' title='bbox 1417 1603 1604 1646; x_wconf 87' lang='lat' dir='ltr'>adventu</span> <span class='ocrx_word' id='word_1_160' title='bbox 1627 1614 1719 1648; x_wconf 87' lang='lat' dir='ltr'>tuo.</span> <span class='ocrx_word' id='word_1_161' title='bbox 1750 1603 1816 1646; x_wconf 89' lang='lat' dir='ltr'>Illi</span> <span class='ocrx_word' id='word_1_162' title='bbox 1841 1603 1981 1647; x_wconf 88' lang='lat' dir='ltr'>homi·</span> <span class='ocrx_word' id='word_1_163' title='bbox 2022 1653 2034 1663; x_wconf 53' lang='lat'><em>·</em></span> 
     </span>
     <span class='ocr_line' id='line_1_18' title="bbox 457 1673 1983 1733; baseline -0.001 -14"><span class='ocrx_word' id='word_1_164' title='bbox 457 1691 534 1719; x_wconf 88' lang='lat' dir='ltr'>nes</span> <span class='ocrx_word' id='word_1_165' title='bbox 559 1675 614 1718; x_wconf 90' lang='lat' dir='ltr'>de</span> <span class='ocrx_word' id='word_1_166' title='bbox 653 1674 815 1718; x_wconf 87' lang='lat' dir='ltr'>familia</span> <span class='ocrx_word' id='word_1_167' title='bbox 852 1685 924 1718; x_wconf 87' lang='lat' dir='ltr'>tua</span> <span class='ocrx_word' id='word_1_168' title='bbox 957 1674 1035 1733; x_wconf 90' lang='lat' dir='ltr'>qui</span> <span class='ocrx_word' id='word_1_169' title='bbox 1067 1674 1354 1717; x_wconf 90' lang='lat' dir='ltr'>consenciunt</span> <span class='ocrx_word' id='word_1_170' title='bbox 1378 1674 1499 1733; x_wconf 92' lang='lat' dir='ltr'>quod</span> <span class='ocrx_word' id='word_1_171' title='bbox 1519 1675 1580 1717; x_wconf 88' lang='lat' dir='ltr'>sic</span> <span class='ocrx_word' id='word_1_172' title='bbox 1617 1673 1735 1727; x_wconf 88' lang='lat' dir='ltr'>fiat¹‚</span> <span class='ocrx_word' id='word_1_173' title='bbox 1778 1685 1882 1718; x_wconf 88' lang='lat' dir='ltr'>sunt</span> <span class='ocrx_word' id='word_1_174' title='bbox 1918 1674 1983 1718; x_wconf 89' lang='lat' dir='ltr'>tui</span> 
     </span>
     <span class='ocr_line' id='line_1_19' title="bbox 457 1744 1985 1804; baseline 0 -15"><span class='ocrx_word' id='word_1_175' title='bbox 457 1745 600 1799; x_wconf 88' lang='lat' dir='ltr'>amici,</span> <span class='ocrx_word' id='word_1_176' title='bbox 629 1745 732 1804; x_wconf 89' lang='lat' dir='ltr'>quia</span> <span class='ocrx_word' id='word_1_177' title='bbox 758 1745 913 1788; x_wconf 92' lang='lat' dir='ltr'>volunt</span> <span class='ocrx_word' id='word_1_178' title='bbox 942 1755 1069 1788; x_wconf 86' lang='lat' dir='ltr'>tuum</span> <span class='ocrx_word' id='word_1_179' title='bbox 1105 1745 1315 1788; x_wconf 89' lang='lat' dir='ltr'>honorem</span> <span class='ocrx_word' id='word_1_180' title='bbox 1345 1756 1388 1788; x_wconf 87' lang='lat' dir='ltr'>et</span> <span class='ocrx_word' id='word_1_181' title='bbox 1416 1744 1684 1804; x_wconf 89' lang='lat' dir='ltr'>presumitur</span> <span class='ocrx_word' id='word_1_182' title='bbox 1721 1745 1843 1804; x_wconf 90' lang='lat' dir='ltr'>quod</span> <span class='ocrx_word' id='word_1_183' title='bbox 1880 1755 1985 1789; x_wconf 87' lang='lat' dir='ltr'>sunt</span> 
     </span>
     <span class='ocr_line' id='line_1_20' title="bbox 455 1815 1983 1874; baseline -0.001 -15"><span class='ocrx_word' id='word_1_184' title='bbox 455 1816 511 1859; x_wconf 90' lang='lat' dir='ltr'>de</span> <span class='ocrx_word' id='word_1_185' title='bbox 546 1816 709 1859; x_wconf 85' lang='lat' dir='ltr'>familia</span> <span class='ocrx_word' id='word_1_186' title='bbox 742 1816 843 1861; x_wconf 83' lang='lat' dir='ltr'>Dei.</span> <span class='ocrx_word' id='word_1_187' title='bbox 884 1815 953 1858; x_wconf 90' lang='lat' dir='ltr'>Illi</span> <span class='ocrx_word' id='word_1_188' title='bbox 983 1826 1145 1868; x_wconf 88' lang='lat' dir='ltr'>autem,</span> <span class='ocrx_word' id='word_1_189' title='bbox 1181 1815 1257 1874; x_wconf 89' lang='lat' dir='ltr'>qui</span> <span class='ocrx_word' id='word_1_190' title='bbox 1289 1815 1609 1868; x_wconf 85' lang='lat' dir='ltr'>contradicunt,</span> <span class='ocrx_word' id='word_1_191' title='bbox 1646 1823 1735 1858; x_wconf 85' lang='lat' dir='ltr'>non</span> <span class='ocrx_word' id='word_1_192' title='bbox 1775 1826 1880 1858; x_wconf 88' lang='lat' dir='ltr'>sunt</span> <span class='ocrx_word' id='word_1_193' title='bbox 1918 1815 1983 1859; x_wconf 88' lang='lat' dir='ltr'>tui</span> 
     </span>
     <span class='ocr_line' id='line_1_21' title="bbox 459 1885 1982 1946; baseline -0.001 -17"><span class='ocrx_word' id='word_1_194' title='bbox 459 1886 602 1937; x_wconf 89' lang='lat' dir='ltr'>amici,</span> <span class='ocrx_word' id='word_1_195' title='bbox 626 1886 701 1930; x_wconf 92' lang='lat' dir='ltr'>sed</span> <span class='ocrx_word' id='word_1_196' title='bbox 723 1886 906 1940; x_wconf 86' lang='lat' dir='ltr'>inimici,</span> <span class='ocrx_word' id='word_1_197' title='bbox 932 1898 975 1929; x_wconf 89' lang='lat' dir='ltr'>et</span> <span class='ocrx_word' id='word_1_198' title='bbox 994 1886 1049 1928; x_wconf 86' lang='lat' dir='ltr'>de</span> <span class='ocrx_word' id='word_1_199' title='bbox 1070 1886 1231 1929; x_wconf 83' lang='lat' dir='ltr'>familia</span> <span class='ocrx_word' id='word_1_200' title='bbox 1250 1886 1442 1946; x_wconf 84' lang='lat' dir='ltr'>dyaboli,</span> <span class='ocrx_word' id='word_1_201' title='bbox 1472 1886 1577 1929; x_wconf 88' lang='lat' dir='ltr'>tales</span> <span class='ocrx_word' id='word_1_202' title='bbox 1598 1885 1716 1929; x_wconf 90' lang='lat' dir='ltr'>enim</span> <span class='ocrx_word' id='word_1_203' title='bbox 1738 1885 1902 1928; x_wconf 88' lang='lat' dir='ltr'>habent</span> <span class='ocrx_word' id='word_1_204' title='bbox 1919 1885 1982 1945; x_wconf 82' lang='lat' dir='ltr'>iiij</span> 
     </span>
     <span class='ocr_line' id='line_1_22' title="bbox 455 1956 1983 2016; baseline -0.001 -16"><span class='ocrx_word' id='word_1_205' title='bbox 455 1957 522 2000; x_wconf 89' lang='lat' dir='ltr'>vel</span> <span class='ocrx_word' id='word_1_206' title='bbox 569 1973 594 2000; x_wconf 86' lang='lat' dir='ltr'>v</span> <span class='ocrx_word' id='word_1_207' title='bbox 638 1973 774 2016; x_wconf 89' lang='lat' dir='ltr'>equos</span> <span class='ocrx_word' id='word_1_208' title='bbox 828 1957 872 2000; x_wconf 91' lang='lat' dir='ltr'>in</span> <span class='ocrx_word' id='word_1_209' title='bbox 917 1957 1057 2016; x_wconf 88' lang='lat' dir='ltr'>patria</span> <span class='ocrx_word' id='word_1_210' title='bbox 1099 1956 1176 2000; x_wconf 90' lang='lat' dir='ltr'>ubi</span> <span class='ocrx_word' id='word_1_211' title='bbox 1221 1973 1310 1999; x_wconf 89' lang='lat' dir='ltr'>non</span> <span class='ocrx_word' id='word_1_212' title='bbox 1342 1957 1504 2000; x_wconf 90' lang='lat' dir='ltr'>debent</span> <span class='ocrx_word' id='word_1_213' title='bbox 1537 1957 1695 1999; x_wconf 88' lang='lat' dir='ltr'>habere</span> <span class='ocrx_word' id='word_1_214' title='bbox 1727 1956 1810 1999; x_wconf 89' lang='lat' dir='ltr'>nisi</span> <span class='ocrx_word' id='word_1_215' title='bbox 1845 1972 1983 1999; x_wconf 88' lang='lat' dir='ltr'>unum</span> 
     </span>
     <span class='ocr_line' id='line_1_23' title="bbox 455 2026 1984 2087; baseline -0.001 -17"><span class='ocrx_word' id='word_1_216' title='bbox 455 2027 523 2070; x_wconf 89' lang='lat' dir='ltr'>vel</span> <span class='ocrx_word' id='word_1_217' title='bbox 543 2027 671 2079; x_wconf 91' lang='lat' dir='ltr'>duos,</span> <span class='ocrx_word' id='word_1_218' title='bbox 695 2038 739 2070; x_wconf 88' lang='lat' dir='ltr'>et</span> <span class='ocrx_word' id='word_1_219' title='bbox 765 2027 947 2087; x_wconf 87' lang='lat' dir='ltr'>capiunt</span> <span class='ocrx_word' id='word_1_220' title='bbox 972 2029 1085 2070; x_wconf 85' lang='lat' dir='ltr'>bona</span> <span class='ocrx_word' id='word_1_221' title='bbox 1106 2027 1292 2070; x_wconf 90' lang='lat' dir='ltr'>aliorum</span> <span class='ocrx_word' id='word_1_222' title='bbox 1313 2039 1356 2070; x_wconf 87' lang='lat' dir='ltr'>et</span> <span class='ocrx_word' id='word_1_223' title='bbox 1368 2027 1492 2086; x_wconf 90' lang='lat' dir='ltr'>quasi</span> <span class='ocrx_word' id='word_1_224' title='bbox 1514 2026 1650 2070; x_wconf 90' lang='lat' dir='ltr'>nichil</span> <span class='ocrx_word' id='word_1_225' title='bbox 1671 2027 1847 2070; x_wconf 88' lang='lat' dir='ltr'>solvunt</span> <span class='ocrx_word' id='word_1_226' title='bbox 1867 2026 1984 2070; x_wconf 88' lang='lat' dir='ltr'>unde</span> 
     </span>
     <span class='ocr_line' id='line_1_24' title="bbox 458 2096 1985 2157; baseline 0 -17"><span class='ocrx_word' id='word_1_227' title='bbox 458 2098 702 2141; x_wconf 84' lang='lat' dir='ltr'>secundum</span> <span class='ocrx_word' id='word_1_228' title='bbox 725 2098 1022 2156; x_wconf 85' lang='lat' dir='ltr'>Augustinum</span> <span class='ocrx_word' id='word_1_229' title='bbox 1040 2114 1048 2140; x_wconf 76' lang='grc' dir='ltr'><strong><em>ε</em></strong></span> <span class='ocrx_word' id='word_1_230' title='bbox 1075 2098 1191 2152; x_wconf 90' lang='lat' dir='ltr'>Quia</span> <span class='ocrx_word' id='word_1_231' title='bbox 1217 2097 1397 2157; x_wconf 87' lang='lat' dir='ltr'>capiunt</span> <span class='ocrx_word' id='word_1_232' title='bbox 1417 2099 1530 2140; x_wconf 89' lang='lat' dir='ltr'>bona</span> <span class='ocrx_word' id='word_1_233' title='bbox 1545 2097 1731 2140; x_wconf 86' lang='lat' dir='ltr'>aliorum</span> <span class='ocrx_word' id='word_1_234' title='bbox 1751 2096 1985 2156; x_wconf 84' lang='lat' dir='ltr'>capiuntur</span> 
     </span>
     <span class='ocr_line' id='line_1_25' title="bbox 455 2168 1982 2228; baseline -0.001 -17"><span class='ocrx_word' id='word_1_235' title='bbox 455 2185 479 2211; x_wconf 90' lang='lat' dir='ltr'>a</span> <span class='ocrx_word' id='word_1_236' title='bbox 505 2168 694 2228; x_wconf 87' lang='lat' dir='ltr'>dyabolo</span> <span class='ocrx_word' id='word_1_237' title='bbox 712 2179 756 2211; x_wconf 86' lang='lat' dir='ltr'>et</span> <span class='ocrx_word' id='word_1_238' title='bbox 781 2168 971 2211; x_wconf 87' lang='lat' dir='ltr'>tenendo</span> <span class='ocrx_word' id='word_1_239' title='bbox 992 2184 1040 2211; x_wconf 86' lang='lat' dir='ltr'>ea</span> <span class='ocrx_word' id='word_1_240' title='bbox 1061 2168 1225 2227; x_wconf 91' lang='lat' dir='ltr'>injuste</span> <span class='ocrx_word' id='word_1_241' title='bbox 1251 2179 1456 2211; x_wconf 88' lang='lat' dir='ltr'>tenentur</span> <span class='ocrx_word' id='word_1_242' title='bbox 1482 2184 1506 2211; x_wconf 86' lang='lat' dir='ltr'>a</span> <span class='ocrx_word' id='word_1_243' title='bbox 1531 2168 1736 2226; x_wconf 87' lang='lat' dir='ltr'>dyabolo.</span> <span class='ocrx_word' id='word_1_244' title='bbox 1768 2169 1892 2218; x_wconf 86' lang='lat' dir='ltr'><em>Item,</em></span> <span class='ocrx_word' id='word_1_245' title='bbox 1916 2182 1982 2210; x_wconf 89' lang='lat' dir='ltr'>se-</span> 
     </span>
     <span class='ocr_line' id='line_1_26' title="bbox 455 2237 1983 2297; baseline -0.001 -16"><span class='ocrx_word' id='word_1_246' title='bbox 455 2238 649 2281; x_wconf 92' lang='lat' dir='ltr'>cundum</span> <span class='ocrx_word' id='word_1_247' title='bbox 671 2238 1024 2297; x_wconf 75' lang='lat' dir='ltr'>Augustinum⁶z</span> <span class='ocrx_word' id='word_1_248' title='bbox 1051 2240 1136 2282; x_wconf 87' lang='lat' dir='ltr'>Pro</span> <span class='ocrx_word' id='word_1_249' title='bbox 1155 2241 1285 2281; x_wconf 87' lang='lat' dir='ltr'>rebus</span> <span class='ocrx_word' id='word_1_250' title='bbox 1305 2238 1458 2281; x_wconf 87' lang='lat' dir='ltr'>alienis</span> <span class='ocrx_word' id='word_1_251' title='bbox 1479 2253 1586 2297; x_wconf 91' lang='lat' dir='ltr'>quas</span> <span class='ocrx_word' id='word_1_252' title='bbox 1607 2237 1702 2280; x_wconf 85' lang='lat' dir='ltr'>sico</span> <span class='ocrx_word' id='word_1_253' title='bbox 1730 2237 1861 2296; x_wconf 88' lang='lat' dir='ltr'>piunt</span> <span class='ocrx_word' id='word_1_254' title='bbox 1874 2237 1983 2297; x_wconf 90' lang='lat' dir='ltr'>seip-</span> 
     </span>
     <span class='ocr_line' id='line_1_27' title="bbox 455 2308 1985 2368; baseline 0.001 -17"><span class='ocrx_word' id='word_1_255' title='bbox 455 2324 526 2351; x_wconf 87' lang='lat' dir='ltr'>sos</span> <span class='ocrx_word' id='word_1_256' title='bbox 545 2309 734 2368; x_wconf 89' lang='lat' dir='ltr'>dyabolo</span> <span class='ocrx_word' id='word_1_257' title='bbox 754 2309 968 2352; x_wconf 86' lang='lat' dir='ltr'>vendunt.</span> <span class='ocrx_word' id='word_1_258' title='bbox 991 2309 1101 2352; x_wconf 92' lang='lat' dir='ltr'>Nam</span> <span class='ocrx_word' id='word_1_259' title='bbox 1129 2309 1317 2352; x_wconf 90' lang='lat' dir='ltr'>multum</span> <span class='ocrx_word' id='word_1_260' title='bbox 1345 2320 1456 2352; x_wconf 88' lang='lat' dir='ltr'>esset</span> <span class='ocrx_word' id='word_1_261' title='bbox 1477 2324 1643 2368; x_wconf 86' lang='lat' dir='ltr'>pauper</span> <span class='ocrx_word' id='word_1_262' title='bbox 1701 2308 1745 2350; x_wconf 89' lang='lat' dir='ltr'>ui</span> <span class='ocrx_word' id='word_1_263' title='bbox 1779 2308 1985 2352; x_wconf 87' lang='lat' dir='ltr'>venderet</span> 
     </span>
     <span class='ocr_line' id='line_1_28' title="bbox 456 2379 1983 2439; baseline -0.001 -17"><span class='ocrx_word' id='word_1_264' title='bbox 456 2395 635 2422; x_wconf 87' lang='lat' dir='ltr'>manum</span> <span class='ocrx_word' id='word_1_265' title='bbox 673 2380 739 2422; x_wconf 89' lang='lat' dir='ltr'>vel</span> <span class='ocrx_word' id='word_1_266' title='bbox 772 2379 925 2438; x_wconf 87' lang='lat' dir='ltr'><em>pedem</em></span> <span class='ocrx_word' id='word_1_267' title='bbox 955 2380 1182 2439; x_wconf 88' lang='lat' dir='ltr'>proprium</span> <span class='ocrx_word' id='word_1_268' title='bbox 1220 2391 1400 2439; x_wconf 88' lang='lat' dir='ltr'>propter</span> <span class='ocrx_word' id='word_1_269' title='bbox 1426 2390 1677 2438; x_wconf 85' lang='lat' dir='ltr'><em>egestatem,</em></span> <span class='ocrx_word' id='word_1_270' title='bbox 1711 2379 1786 2422; x_wconf 83' lang='lat' dir='ltr'>sed</span> <span class='ocrx_word' id='word_1_271' title='bbox 1818 2395 1983 2438; x_wconf 87' lang='lat' dir='ltr'>paupe-</span> 
     </span>
     <span class='ocr_line' id='line_1_29' title="bbox 456 2448 1977 2509; baseline 0 -17"><span class='ocrx_word' id='word_1_272' title='bbox 456 2449 592 2492; x_wconf 89' lang='lat' dir='ltr'>rimus</span> <span class='ocrx_word' id='word_1_273' title='bbox 613 2461 678 2492; x_wconf 85' lang='lat' dir='ltr'>est</span> <span class='ocrx_word' id='word_1_274' title='bbox 697 2450 773 2508; x_wconf 88' lang='lat' dir='ltr'>qui</span> <span class='ocrx_word' id='word_1_275' title='bbox 791 2449 982 2509; x_wconf 89' lang='lat' dir='ltr'>seipsum</span> <span class='ocrx_word' id='word_1_276' title='bbox 1012 2461 1154 2493; x_wconf 86' lang='lat' dir='ltr'>totum</span> <span class='ocrx_word' id='word_1_277' title='bbox 1175 2451 1326 2493; x_wconf 88' lang='lat' dir='ltr'>vendit</span> <span class='ocrx_word' id='word_1_278' title='bbox 1351 2451 1480 2493; x_wconf 87' lang='lat' dir='ltr'>etiam</span> <span class='ocrx_word' id='word_1_279' title='bbox 1502 2465 1660 2509; x_wconf 89' lang='lat' dir='ltr'>corpus</span> <span class='ocrx_word' id='word_1_280' title='bbox 1683 2460 1726 2492; x_wconf 89' lang='lat' dir='ltr'>et</span> <span class='ocrx_word' id='word_1_281' title='bbox 1748 2449 1938 2492; x_wconf 86' lang='lat' dir='ltr'>animam</span> <span class='ocrx_word' id='word_1_282' title='bbox 1949 2448 1977 2492; x_wconf 81' lang='lat'>².</span> 
     </span>
     <span class='ocr_line' id='line_1_30' title="bbox 457 2519 1979 2580; baseline -0.001 -17"><span class='ocrx_word' id='word_1_283' title='bbox 457 2520 528 2563; x_wconf 84' lang='lat' dir='ltr'>Sic</span> <span class='ocrx_word' id='word_1_284' title='bbox 555 2520 672 2563; x_wconf 92' lang='lat' dir='ltr'>enim</span> <span class='ocrx_word' id='word_1_285' title='bbox 701 2520 866 2563; x_wconf 88' lang='lat' dir='ltr'>faciunt</span> <span class='ocrx_word' id='word_1_286' title='bbox 889 2520 1013 2563; x_wconf 91' lang='lat' dir='ltr'>multi</span> <span class='ocrx_word' id='word_1_287' title='bbox 1035 2521 1089 2564; x_wconf 92' lang='lat' dir='ltr'>de</span> <span class='ocrx_word' id='word_1_288' title='bbox 1111 2521 1272 2563; x_wconf 86' lang='lat' dir='ltr'>familia</span> <span class='ocrx_word' id='word_1_289' title='bbox 1295 2532 1385 2574; x_wconf 88' lang='lat' dir='ltr'>tua,</span> <span class='ocrx_word' id='word_1_290' title='bbox 1409 2520 1628 2580; x_wconf 86' lang='lat' dir='ltr'>capientes</span> <span class='ocrx_word' id='word_1_291' title='bbox 1644 2521 1757 2562; x_wconf 88' lang='lat' dir='ltr'>bona</span> <span class='ocrx_word' id='word_1_292' title='bbox 1776 2519 1979 2572; x_wconf 86' lang='lat' dir='ltr'>aliorum,</span> 
     </span>
     <span class='ocr_line' id='line_1_31' title="bbox 454 2590 1983 2650; baseline 0.001 -18"><span class='ocrx_word' id='word_1_293' title='bbox 454 2601 603 2633; x_wconf 87' lang='lat' dir='ltr'>contra</span> <span class='ocrx_word' id='word_1_294' title='bbox 643 2606 797 2633; x_wconf 85' lang='lat' dir='ltr'>eorum</span> <span class='ocrx_word' id='word_1_295' title='bbox 842 2591 1112 2634; x_wconf 86' lang='lat' dir='ltr'>voluntatem</span> <span class='ocrx_word' id='word_1_296' title='bbox 1145 2603 1188 2634; x_wconf 88' lang='lat' dir='ltr'>et</span> <span class='ocrx_word' id='word_1_297' title='bbox 1231 2592 1412 2635; x_wconf 86' lang='lat' dir='ltr'>scientes</span> <span class='ocrx_word' id='word_1_298' title='bbox 1451 2590 1672 2650; x_wconf 84' lang='lat' dir='ltr'>garciones</span> <span class='ocrx_word' id='word_1_299' title='bbox 1705 2606 1807 2633; x_wconf 91' lang='lat' dir='ltr'>suos</span> <span class='ocrx_word' id='word_1_300' title='bbox 1846 2590 1983 2633; x_wconf 80' lang='lat' dir='ltr'>facere</span> 
     </span>
     <span class='ocr_line' id='line_1_32' title="bbox 456 2660 1981 2721; baseline 0 -18"><span class='ocrx_word' id='word_1_301' title='bbox 456 2677 532 2720; x_wconf 85' lang='lat' dir='ltr'>per</span> <span class='ocrx_word' id='word_1_302' title='bbox 557 2661 741 2720; x_wconf 90' lang='lat' dir='ltr'>patriam</span> <span class='ocrx_word' id='word_1_303' title='bbox 769 2661 1025 2720; x_wconf 88' lang='lat' dir='ltr'>hujusmodi</span> <span class='ocrx_word' id='word_1_304' title='bbox 1046 2662 1317 2705; x_wconf 84' lang='lat' dir='ltr'>extorciones</span> <span class='ocrx_word' id='word_1_305' title='bbox 1343 2673 1385 2705; x_wconf 92' lang='lat' dir='ltr'>et</span> <span class='ocrx_word' id='word_1_306' title='bbox 1411 2661 1599 2721; x_wconf 86' lang='lat' dir='ltr'>rapinas,</span> <span class='ocrx_word' id='word_1_307' title='bbox 1634 2677 1711 2704; x_wconf 90' lang='lat' dir='ltr'>nec</span> <span class='ocrx_word' id='word_1_308' title='bbox 1738 2660 1981 2704; x_wconf 85' lang='lat' dir='ltr'>remedium</span> 
     </span>
    </p>
   </div>
   <div class='ocr_carea' id='block_1_4' title="bbox 456 2815 1342 2863">
    <p class='ocr_par' dir='ltr' id='par_1_4' title="bbox 456 2815 1342 2863">
     <span class='ocr_line' id='line_1_33' title="bbox 456 2815 1342 2863; baseline 0.001 -12"><span class='ocrx_word' id='word_1_309' title='bbox 456 2815 546 2863; x_wconf 72' lang='lat' dir='ltr'>bon)</span> <span class='ocrx_word' id='word_1_310' title='bbox 564 2827 635 2852; x_wconf 91' lang='lat' dir='ltr'>om.</span> <span class='ocrx_word' id='word_1_311' title='bbox 657 2816 732 2858; x_wconf 64' lang='lat' dir='ltr'>cl„</span> <span class='ocrx_word' id='word_1_312' title='bbox 754 2816 800 2853; x_wconf 85' lang='lat' dir='ltr'>V.</span> <span class='ocrx_word' id='word_1_313' title='bbox 824 2817 868 2851; x_wconf 83' lang='lat' dir='ltr'>R.</span> <span class='ocrx_word' id='word_1_314' title='bbox 889 2836 935 2843; x_wconf 89' lang='lat'>—</span> <span class='ocrx_word' id='word_1_315' title='bbox 953 2816 1110 2858; x_wconf 79' lang='lat' dir='ltr'>⁷amari,</span> <span class='ocrx_word' id='word_1_316' title='bbox 1133 2817 1208 2859; x_wconf 77' lang='lat' dir='ltr'>CL,</span> <span class='ocrx_word' id='word_1_317' title='bbox 1230 2817 1275 2852; x_wconf 88' lang='lat' dir='ltr'>V.</span> <span class='ocrx_word' id='word_1_318' title='bbox 1298 2817 1342 2852; x_wconf 85' lang='lat' dir='ltr'>R.</span> 
     </span>
    </p>
   </div>
   <div class='ocr_carea' id='block_1_5' title="bbox 501 2910 1982 2959">
    <p class='ocr_par' dir='ltr' id='par_1_5' title="bbox 501 2910 1982 2959">
     <span class='ocr_line' id='line_1_34' title="bbox 501 2910 1982 2959; baseline -0.001 -11"><span class='ocrx_word' id='word_1_319' title='bbox 501 2910 544 2948; x_wconf 90' lang='grc'>3.</span> <span class='ocrx_word' id='word_1_320' title='bbox 571 2910 661 2958; x_wconf 87' lang='lat' dir='ltr'>¹qui</span> <span class='ocrx_word' id='word_1_321' title='bbox 681 2911 751 2946; x_wconf 87' lang='lat' dir='ltr'>hoc</span> <span class='ocrx_word' id='word_1_322' title='bbox 774 2911 1021 2947; x_wconf 78' lang='lat' dir='ltr'>consenciunt</span> <span class='ocrx_word' id='word_1_323' title='bbox 1042 2917 1081 2946; x_wconf 87' lang='lat' dir='ltr'>ut</span> <span class='ocrx_word' id='word_1_324' title='bbox 1103 2912 1157 2947; x_wconf 79' lang='lat' dir='ltr'>sic</span> <span class='ocrx_word' id='word_1_325' title='bbox 1180 2912 1257 2954; x_wconf 76' lang='lat' dir='ltr'>flat,</span> <span class='ocrx_word' id='word_1_326' title='bbox 1285 2911 1360 2954; x_wconf 78' lang='lat' dir='ltr'>Cl..</span> <span class='ocrx_word' id='word_1_327' title='bbox 1382 2911 1427 2948; x_wconf 86' lang='lat' dir='ltr'>V.</span> <span class='ocrx_word' id='word_1_328' title='bbox 1452 2911 1494 2947; x_wconf 87' lang='lat' dir='ltr'>R.</span> <span class='ocrx_word' id='word_1_329' title='bbox 1519 2931 1563 2939; x_wconf 88' lang='lat'>—·</span> <span class='ocrx_word' id='word_1_330' title='bbox 1591 2911 1746 2959; x_wconf 66' lang='lat' dir='ltr'>²(etiam</span> <span class='ocrx_word' id='word_1_331' title='bbox 1776 2923 1915 2959; x_wconf 71' lang='lat' dir='ltr'>corpus</span> <span class='ocrx_word' id='word_1_332' title='bbox 1944 2916 1982 2947; x_wconf 86' lang='lat' dir='ltr'>et</span> 
     </span>
    </p>
   </div>
   <div class='ocr_carea' id='block_1_6' title="bbox 453 3028 889 3071">
    <p class='ocr_par' dir='ltr' id='par_1_6' title="bbox 453 3028 889 3071">
     <span class='ocr_line' id='line_1_35' title="bbox 453 3028 889 3071; baseline 0 -7"><span class='ocrx_word' id='word_1_333' title='bbox 453 3049 499 3055; x_wconf 98' lang='lat'><strong>—</strong></span> <span class='ocrx_word' id='word_1_334' title='bbox 520 3029 546 3064; x_wconf 89' lang='lat' dir='ltr'>i.</span> <span class='ocrx_word' id='word_1_335' title='bbox 569 3028 684 3064; x_wconf 76' lang='lat' dir='ltr'><strong><em>Mich.</em></strong></span> <span class='ocrx_word' id='word_1_336' title='bbox 707 3029 776 3071; x_wconf 90' lang='lat'>111,</span> <span class='ocrx_word' id='word_1_337' title='bbox 798 3031 832 3071; x_wconf 80' lang='lat'>3,</span> <span class='ocrx_word' id='word_1_338' title='bbox 855 3031 889 3065; x_wconf 85' lang='lat'>4.</span> 
     </span>
    </p>
   </div>
   <div class='ocr_carea' id='block_1_7' title="bbox 453 3122 1981 3219">
    <p class='ocr_par' dir='ltr' id='par_1_7' title="bbox 453 3122 1981 3219">
     <span class='ocr_line' id='line_1_36' title="bbox 502 3122 1981 3170; baseline 0 -12"><span class='ocrx_word' id='word_1_339' title='bbox 502 3134 541 3158; x_wconf 88' lang='lat' dir='ltr'>a.</span> <span class='ocrx_word' id='word_1_340' title='bbox 570 3122 608 3157; x_wconf 91' lang='lat' dir='ltr'>S.</span> <span class='ocrx_word' id='word_1_341' title='bbox 630 3123 847 3169; x_wconf 71' lang='lat' dir='ltr'>Augustini,</span> <span class='ocrx_word' id='word_1_342' title='bbox 877 3125 1003 3159; x_wconf 82' lang='lat' dir='ltr'>Sermo</span> <span class='ocrx_word' id='word_1_343' title='bbox 1035 3123 1219 3163; x_wconf 85' lang='lat' dir='ltr'>Lxxvn,</span> <span class='ocrx_word' id='word_1_344' title='bbox 1243 3124 1289 3158; x_wconf 87' lang='lat' dir='ltr'>de</span> <span class='ocrx_word' id='word_1_345' title='bbox 1308 3122 1437 3158; x_wconf 79' lang='lat' dir='ltr'>verbis</span> <span class='ocrx_word' id='word_1_346' title='bbox 1458 3124 1655 3170; x_wconf 77' lang='lat' dir='ltr'>Evangelii</span> <span class='ocrx_word' id='word_1_347' title='bbox 1674 3123 1855 3159; x_wconf 70' lang='lat' dir='ltr'>Matthaei</span> <span class='ocrx_word' id='word_1_348' title='bbox 1875 3137 1882 3158; x_wconf 90' lang='lat'><strong>:</strong></span> <span class='ocrx_word' id='word_1_349' title='bbox 1905 3123 1981 3159; x_wconf 85' lang='lat' dir='ltr'><em>Ve-</em></span> 
     </span>
     <span class='ocr_line' id='line_1_37' title="bbox 453 3170 1978 3219; baseline -0.001 -12"><span class='ocrx_word' id='word_1_350' title='bbox 453 3170 532 3207; x_wconf 78' lang='lat' dir='ltr'>uite</span> <span class='ocrx_word' id='word_1_351' title='bbox 551 3170 741 3206; x_wconf 87' lang='lat' dir='ltr'>benedicti</span> <span class='ocrx_word' id='word_1_352' title='bbox 761 3170 895 3219; x_wconf 70' lang='lat' dir='ltr'>patria,</span> <span class='ocrx_word' id='word_1_353' title='bbox 917 3172 961 3205; x_wconf 88' lang='lat' dir='ltr'>P.</span> <span class='ocrx_word' id='word_1_354' title='bbox 980 3173 1036 3212; x_wconf 68' lang='lat' dir='ltr'>L„</span> <span class='ocrx_word' id='word_1_355' title='bbox 1059 3177 1086 3206; x_wconf 84' lang='lat' dir='ltr'>t.</span> <span class='ocrx_word' id='word_1_356' title='bbox 1109 3171 1275 3212; x_wconf 86' lang='lat' dir='ltr'>XXXIX,</span> <span class='ocrx_word' id='word_1_357' title='bbox 1298 3183 1335 3218; x_wconf 92' lang='lat' dir='ltr'>p.</span> <span class='ocrx_word' id='word_1_358' title='bbox 1361 3172 1466 3208; x_wconf 81' lang='lat'><strong>1896.</strong></span> <span class='ocrx_word' id='word_1_359' title='bbox 1488 3190 1532 3199; x_wconf 92' lang='lat'>—</span> <span class='ocrx_word' id='word_1_360' title='bbox 1551 3171 1586 3207; x_wconf 83' lang='lat' dir='ltr'>b.</span> <span class='ocrx_word' id='word_1_361' title='bbox 1607 3171 1648 3207; x_wconf 87' lang='lat' dir='ltr'>C.</span> <span class='ocrx_word' id='word_1_362' title='bbox 1670 3173 1704 3213; x_wconf 83' lang='lat'>3,</span> <span class='ocrx_word' id='word_1_363' title='bbox 1727 3170 1978 3208; x_wconf 85' lang='lat' dir='ltr'>D.LXXXV1.</span> 
     </span>
    </p>
   </div>
   <div class='ocr_carea' id='block_1_8' title="bbox 2016 0 2314 3219">
    <p class='ocr_par' dir='ltr' id='par_1_8' title="bbox 2016 0 2314 3219">
     <span class='ocr_line' id='line_1_38' title="bbox 2016 0 2314 3219; baseline 0 0"><span class='ocrx_word' id='word_1_364' title='bbox 2016 0 2314 3219; x_wconf 95' lang='lat' dir='ltr'> </span> 
     </span>
    </p>
   </div>
  </div>
 </body>
</html>
