2314 3736
971 322 1209 364 —113—

323 416 389 460 bis
410 431 551 459 emere
572 430 638 457 res
665 414 831 473 aliquas
846 424 996 455 contra
1017 413 1285 455 voluntatem
1301 412 1469 455 domini
1487 412 1661 456 illarum
1684 428 1847 465 rerum,

323 488 424 546 quia
450 487 581 545 digna
613 501 696 528 vox
727 484 1003 543 imperatoris
1033 495 1112 536 est,
1137 499 1181 525 se
1208 483 1403 541 profiteri
1429 484 1598 542 legibus
1624 483 1849 542 alligatum

322 559 424 617 quia
451 557 685 600 auctoritas
707 572 782 598 sua
803 555 1020 614 dependet
1039 571 1091 596 ex
1112 554 1368 596 auctoritate
1389 553 1573 613 legum¹‚
1604 555 1658 597 de
1678 554 1850 613 legibus

324 629 388 671 vel
415 629 545 687 digna
566 644 664 679 vox,
692 638 734 669 et
753 627 857 669 alibi
877 626 1053 678 dicitur,
1079 625 1197 683 quod
1224 625 1322 667 licct
1343 626 1580 684 imperator
1598 642 1686 668 non
1708 625 1849 683 subji-

322 700 460 742 ciatur
497 698 682 757 legibus,
725 698 846 740 decet
882 708 1026 739 tamen
1067 696 1150 738 sibi
1188 697 1380 755 seipsum
1423 697 1566 739 vivere
1607 697 1849 739 secundum

323 770 435 829 leges
452 775 485 812 α.
518 770 573 811 Et
598 769 700 811 dato
730 769 875 819 etiam,
907 784 982 826 per
1009 767 1294 825 impossibile,
1329 767 1447 825 quod
1484 778 1529 810 tu
1562 768 1724 826 poteris
1759 767 1853 809 sine

324 852 496 900 peccato
518 856 659 882 emere
675 856 740 881 res
758 839 924 897 aliquas
940 854 1018 897 pro
1035 838 1194 880 minori
1208 838 1353 896 precio
1366 855 1497 897 quam
1510 838 1712 880 venditor
1724 838 1853 880 vellet

324 927 393 954 eas
408 911 525 963 dare,
544 910 687 953 adhuc
703 910 785 952 hoc
801 910 937 952 facere
951 925 1041 951 non
1059 909 1237 951 deberes
1253 920 1432 968 propter
1447 909 1643 952 dolorem
1660 920 1702 951 et
1718 909 1850 951 tristi·

323 983 433 1025 ciam
460 998 590 1041 quem
620 992 724 1024 tunc
750 981 928 1023 haberet
955 980 1001 1034 [f.
1036 981 1117 1023 139
1137 985 1166 1034 v]
1200 980 1392 1039 populus
1425 981 1482 1022 ob
1524 996 1697 1023 causam
1731 980 1850 1022 illam

323 1053 377 1096 de
402 1053 591 1095 adventu
619 1064 710 1106 tuo,
735 1052 989 1109 ubicunque
1015 1051 1268 1094 declinares.

370 1278 442 1316 36.
471 1279 554 1325 1(ex
571 1278 793 1313 auctoritate
815 1278 959 1324 legum)
980 1283 1015 1312 et
1031 1279 1150 1324 magis
1172 1279 1374 1313 honestum
1395 1284 1454 1313 est
1472 1278 1694 1314 submittere
1711 1279 1853 1325 princi—

324 1325 451 1373 patum
473 1326 635 1373 legibus,
657 1338 767 1373 quam
790 1327 893 1372 leges
916 1326 1144 1372 principatui
1165 1325 1260 1360 add.
1285 1326 1358 1367 C1.‚
1381 1326 1426 1360 V.
1451 1327 1495 1360 R.

373 1456 410 1479 a.
432 1444 617 1478 Johannis
639 1443 943 1478 saresberiensis
964 1442 1237 1489 Polycraticas,
1261 1442 1327 1477 lib.
1358 1444 1421 1484 IV,
1453 1456 1534 1489 cap.
1558 1446 1578 1478 2
1600 1457 1606 1477 :
1632 1458 1650 1477 «
1670 1444 1852 1490 Princeps

325 1492 422 1538 legis
440 1492 598 1526 nexibus
621 1492 759 1525 dicitur
781 1491 940 1530 solutus,
963 1503 1039 1524 nou
1061 1491 1146 1537 quia
1165 1491 1199 1524 ei
1214 1491 1343 1537 iniqua
1362 1491 1511 1531 liceant,
1535 1493 1601 1525 sed
1617 1492 1704 1538 quia
1718 1493 1751 1526 is
1767 1503 1853 1525 esse

326 1539 450 1581 debet,
474 1540 538 1586 qui
561 1552 633 1572 non
653 1540 787 1573 timore
811 1549 966 1584 poenae,
992 1539 1057 1571 sed
1077 1550 1204 1572 amore
1222 1538 1392 1583 justitiae
1414 1539 1641 1585 aequitatem
1664 1539 1790 1574 habet.
1808 1558 1855 1564 -—

324 1586 442 1627 Ibid.,
465 1599 546 1632 cap.
569 1588 613 1622 4:
645 1587 858 1620 Procedant
884 1598 982 1619 nunc
1004 1586 1244 1619 dealbatores
1267 1591 1475 1631 potentum,
1498 1592 1710 1627 susurrent,
1735 1592 1798 1621 aut
1820 1587 1852 1620 si

326 1636 395 1668 boc
410 1647 541 1680 parum
553 1640 622 1674 est,
639 1634 788 1679 publice
807 1639 1084 1678 praeconentur
1102 1634 1312 1678 principem
1328 1646 1403 1666 non
1416 1646 1501 1667 esse
1519 1635 1593 1679 legi
1611 1634 1852 1680 subjectum..

325 1694 395 1728 ego
418 1694 493 1715 non
509 1682 633 1720 modo,
659 1682 717 1715 his
740 1680 1006 1721 renitentibus,
1031 1681 1096 1714 sed
1125 1681 1264 1714 mundo
1294 1682 1533 1722 reclamante,
1564 1682 1646 1727 ipsa
1673 1682 1740 1715 hac
1771 1683 1853 1727 lege

325 1730 446 1763 teneri
467 1730 648 1763 confirmo
670 1741 709 1768 »;
732 1748 779 1754 —
808 1728 844 1761 S.
868 1728 1034 1761 Thomae
1053 1728 1253 1774 Aquinatis
1281 1730 1435 1763 Summa
1464 1728 1601 1769 Tleeol„
1625 1730 1673 1762 1⁸.
1697 1730 1779 1763 11⁸2.
1804 1730 1853 1770 Q.

325 1789 417 1811 xcw.
441 1782 510 1810 art.
533 1778 573 1811 5:
595 1776 811 1830 «Princeps
831 1775 967 1808 dicitur
985 1787 1069 1808 esse
1087 1776 1233 1809 solutus
1253 1777 1370 1821 alege
1383 1782 1562 1822 quantum
1576 1778 1621 1810 ad
1635 1777 1707 1810 vim
1720 1777 1854 1810 coacti-

325 1836 407 1858 vam
426 1824 546 1869 legis;
570 1823 696 1857 nullus
718 1824 817 1857 enim
840 1822 993 1868 proprie
1012 1823 1160 1867 cogitur
1182 1836 1201 1856 a
1224 1823 1376 1868 seipso;
1405 1824 1462 1857 lex
1484 1830 1608 1857 autem
1638 1837 1713 1858 non
1742 1824 1855 1858 habet

324 1871 398 1905 vim
426 1871 630 1905 coactivam
650 1871 724 1904 nisi
751 1883 794 1903 ex
819 1870 1003 1915 principis
1033 1876 1233 1915 potestate
1264 1870 1323 1904 Sic
1354 1871 1471 1916 igitur
1505 1872 1682 1917 princeps
1717 1872 1855 1905 dicitur

326 1931 410 1952 esse
430 1918 577 1952 solutus
599 1931 618 1952 a
640 1919 722 1963 lege
744 1918 831 1964 quia
846 1917 996 1950 nullus
988 1929 1025 1950 ln
1046 1918 1171 1962 ipsum
1187 1918 1508 1963 potestjudicium
1525 1919 1853 1953 condemnationis

326 1966 437 2006 ferre,
462 1966 494 1999 si
525 1971 654 1999 contra
685 1967 806 2010 legem
836 1970 966 2009 agat...
1003 1965 1075 1998 Sed
1110 1971 1289 2011 quantum
1323 1966 1369 1999 ad
1397 1966 1471 1999 vim
1507 1966 1726 2000 directivam
1757 1966 1854 2011 legis

326 2014 503 2059 princeps
526 2012 701 2046 subditur
722 2013 797 2058 legi
815 2013 968 2058 propria
990 2012 1196 2052 voluntate,
1218 2013 1423 2046 secundum
1452 2014 1553 2067 quod
1585 2014 1723 2047 dicitur
1750 2020 1854 2047 extra

326 2062 371 2094 de
394 2059 756 2099 Constitutionibus,
780 2072 861 2105 cap.
884 2072 902 2092 «
927 2061 1015 2092 Cum
1038 2071 1182 2094 omnes:
1205 2061 1305 2114 quod
1328 2060 1489 2107 quisque
1507 2061 1606 2106 juris
1628 2061 1666 2094 in
1694 2061 1854 2095 alterum

327 2108 469 2147 statuit,
493 2108 575 2153 ipse
594 2108 821 2152 eodemjure
843 2107 895 2140 uti
918 2106 1043 2142 debet.
1068 2107 1114 2140 Et
1136 2107 1319 2152 sapientis
1342 2108 1433 2141 dicit
1456 2109 1662 2142 auctoritas
1684 2121 1717 2142 ».
1742 2108 1789 2142 Et
1815 2108 1852 2142 in

326 2156 455 2189 codice
477 2154 562 2188 Lib.
587 2155 607 2188 4
628 2155 673 2188 de
697 2154 863 2199 Legibus
885 2159 921 2187 et
939 2154 1104 2187 Constit.
1127 2154 1273 2188 Theod.
1300 2161 1337 2188 et
1360 2155 1552 2189 Valentin.
1587 2155 1708 2201 Impp.
1733 2156 1852 2190 Volu-

327 2203 433 2236 siano
457 2202 646 2247 praefecto
669 2201 863 2235 scribunt:
895 2214 914 2234 «
935 2201 1058 2246 Digna
1083 2213 1154 2235 vox
1175 2208 1232 2235 est
1254 2202 1449 2247 majestate
1470 2203 1679 2248 regnantis,
1703 2202 1854 2249 legibus

326 2250 518 2295 alligatum
542 2261 581 2282 se
604 2249 811 2294 principem
835 2249 1029 2294 profiteri:
1054 2249 1147 2282 adeo
1170 2249 1215 2282 de
1237 2249 1460 2283 auctoritate
1476 2250 1575 2295 juris
1602 2255 1734 2284 nostra
1761 2262 1854 2296 pen-

327 2298 389 2331 det
410 2297 627 2330 auctoritas.
652 2296 699 2330 Et
719 2308 849 2330 revera
871 2297 990 2341 majus
1011 2296 1171 2341 imperio
1198 2302 1255 2330 est
1275 2296 1462 2342 subjicere
1485 2297 1634 2343 legibus
1662 2297 1855 2343 principa-

325 2350 449 2378 tum...
471 2344 580 2378 Unde
602 2349 782 2390 quantum
803 2344 849 2377 ad
867 2343 937 2377 Dei
954 2344 1151 2389 judicium,
1171 2343 1351 2390 princeps
1373 2357 1447 2378 non
1468 2351 1526 2378 est
1549 2346 1697 2379 solutus
1725 2358 1745 2378 a
1771 2345 1855 2390 lege

327 2397 507 2438 quantum
535 2391 580 2425 ad
609 2391 683 2425 vim
714 2391 931 2425 directivam
964 2391 1058 2436 ejus,
1089 2391 1155 2424 sed
1182 2390 1295 2425 debet
1323 2392 1573 2432 voluntarius,
1602 2405 1678 2426 non
1703 2398 1856 2426 coactus

328 2439 450 2485 legem
470 2439 628 2483 implere
645 2451 677 2481 >);
691 2458 737 2464 -—
749 2439 925 2477 Bracton,
941 2437 985 2472 de
997 2437 1170 2483 Legibus,
1186 2439 1317 2472 III.1x.
1336 2440 1353 2483 ἓ
1371 2440 1404 2479 2,
1419 2441 1439 2474 3
1458 2452 1464 2472 ε
1484 2439 1617 2474 «Nihil
1634 2439 1733 2474 enim
1749 2439 1852 2473 aliud

327 2491 454 2532 potest
474 2498 538 2519 rex
558 2486 596 2519 in
617 2486 729 2519 terris
750 2498 833 2519 cum
854 2486 903 2519 sit
922 2485 993 2519 Dei
1014 2485 1187 2519 minister
1208 2491 1244 2519 et
1257 2486 1435 2527 vicarius,
1453 2487 1527 2520 nisi
1546 2487 1583 2521 id
1606 2488 1729 2521 solum
1751 2487 1853 2533 quod

329 2535 373 2567 de
390 2533 474 2579 jure
494 2538 662 2578 potest...
686 2546 761 2566 non
789 2533 968 2579 quicquid
995 2533 1040 2566 de
1071 2533 1262 2567 voluntate
1294 2533 1397 2579 regis
1428 2540 1568 2568 temere
1591 2540 1853 2580 presumptum

328 2586 398 2621 est,
422 2581 488 2614 sed
510 2581 633 2614 auimo
652 2580 839 2614 condendi
857 2580 955 2625 jura,
980 2580 1045 2613 sed
1070 2581 1171 2626 quod
1193 2580 1354 2614 consilio
1374 2582 1662 2626 magistratuum
1682 2594 1853 2621 suorum,

328 2640 417 2673 rege
439 2628 704 2661 authoritatem
726 2633 934 2673 prestante,
958 2632 994 2660 et
1013 2627 1140 2661 habita
1164 2640 1278 2682 super
1297 2629 1365 2662 hoc
1387 2628 1661 2663 deliberatione
1690 2635 1726 2663 et
1753 2634 1853 2662 trac—

328 2680 421 2715 tatu,
444 2680 543 2708 recte
562 2675 675 2708 fuerit
692 2675 916 2708 definitum..
926 2675 1153 2720 Temperet
1173 2675 1290 2720 igitur
1311 2676 1518 2721 potentiam
1540 2688 1608 2721 per
1631 2677 1765 2722 legem,
1785 2687 1857 2722 que

330 2722 476 2756 frenum
498 2728 555 2755 est
583 2722 762 2767 potentie,
792 2722 893 2768 quod
919 2723 1125 2756 secundum
1147 2722 1250 2767 leges
1266 2722 1378 2756 vivat
1396 2735 1413 2755 »
1437 2743 1481 2749 —
1504 2722 1660 2759 Carmen
1669 2705 1725 2757 ode
1752 2722 1857 2757 Bello

330 2769 501 2810 Lemensi,
524 2781 558 2802 v.
583 2770 648 2804 448
668 2775 703 2803 et
719 2780 823 2815 seqq.
845 2768 906 2815 (C.
932 2769 974 2802 L
996 2768 1219 2814 Kingsford,
1242 2782 1305 2815 pp
1329 2772 1386 2811 15,
1409 2771 1486 2815 22.)

870 2848 992 2886 .igitur
1009 2844 1083 2875 hinc
1101 2849 1177 2876 sciat
1193 2849 1247 2887 qui
1263 2846 1351 2887 legit,

579 2886 671 2927 Quod
686 2897 750 2916 non
762 2890 861 2927 potest
877 2898 983 2928 regere
999 2891 1054 2928 qui
1067 2898 1131 2917 non
1147 2891 1249 2918 servat
1264 2888 1386 2929 legem;

581 2928 640 2959 Nec
660 2928 744 2958 hunc
760 2928 873 2959 debent
889 2929 999 2965 facere,
1020 2928 1058 2959 ad
1081 2939 1157 2970 quos
1176 2933 1302 2970 spectat,
1327 2940 1454 2971 regem..

332 2996 362 3017 v.
384 2987 442 3017 455
461 2997 466 3018 :
581 2987 616 3018 Si
627 2998 760 3029 regnum
783 2987 949 3023 desideras,
964 2988 1045 3029 leges
1064 2998 1235 3019 venerare:

580 3029 653 3059 Vias
672 3029 758 3059 dabit
772 3040 894 3070 asperas
907 3029 987 3071 leges
1006 3034 1203 3071 impugnare.

334 3098 363 3118 v.
386 3089 504 3118 667-68
522 3099 527 3118 :
579 3088 647 3119 Non
663 3093 764 3119 omnis
775 3093 892 3119 artacio
904 3093 1007 3129 privat
1022 3088 1209 3126 libertatem,

582 3130 644 3161 Nec
659 3134 760 3161 omnis
777 3129 928 3162 districtio
950 3131 1031 3162 tollit
1048 3134 1240 3172 potestatem.
