2444 3750
995 364 1198 403 -77-

332 481 491 531 lent?¹
520 484 709 540 Nonne,
738 482 837 529 sive
856 480 917 529 de
937 480 1096 529 officio
1117 481 1241 546 regis
1267 480 1512 545 loquatur,
1544 479 1643 526 sive
1669 495 1858 543 preces,

333 571 432 618 sive
457 571 610 617 minas
635 569 876 628 adhibeat,
907 587 966 618 ex
993 569 1123 617 hisce
1149 569 1358 633 antiquis
1390 566 1603 614 fontibus
1632 567 1728 613 vim
1758 584 1862 614 ser-

333 660 491 707 monis
510 658 740 707 deducit?
761 662 884 706 Sunt
908 667 1068 706 autem
1096 658 1352 723 quaedam,
1381 657 1582 703 omnino
1607 657 1656 702 in
1688 676 1710 700 «
1742 659 1864 721 Spe-

334 747 445 795 culo
476 766 498 791 »
528 747 805 812 singularia,
834 764 959 812 quae
984 748 1033 794 in
1055 747 1190 794 nullo
1216 747 1309 794 alio
1331 762 1390 792 ex
1416 745 1625 809 antiquis
1646 744 1863 807 hujusce-

333 836 464 885 modi
483 836 762 884 tractatibus
789 838 1012 895 inveniri,
1037 853 1127 884 nec
1146 837 1213 884 eis
1239 836 1499 884 convenire
1526 834 1728 899 possint.

399 926 584 973 Etenim
612 934 798 973 certum
829 926 1299 990 determinatumque
1330 923 1479 971 finem
1501 924 1664 970 Simon
1696 939 1865 987 prose-

334 1014 498 1079 quitur
525 1032 538 1073 τ,
589 1031 680 1062 nec
726 1016 855 1062 enim
902 1015 1098 1080 suscipit
1144 1014 1388 1061 docendos
1441 1029 1577 1076 reges
1624 1011 1867 1076 quoslibet

333 1120 526 1150 omnem
550 1112 703 1151 artem
730 1103 1047 1169 gubernandi,
1078 1104 1163 1151 sed
1191 1104 1237 1150 in
1265 1103 1424 1149 animo
1458 1101 1601 1148 habet
1627 1100 1865 1148 adducere

333 1208 495 1257 regem
515 1192 801 1240 Edwardum
822 1197 905 1251 III,
931 1193 990 1239 ad
1010 1193 1276 1240 tollendum
1289 1192 1684 1257 procurationum
1706 1198 1754 1236 et
1774 1190 1867 1254 pri-

335 1297 496 1328 sarum
521 1283 945 1347 «praerogativum
969 1302 1011 1330 ».
1038 1285 1365 1347 Quapropter,
1389 1279 1665 1345 illiquidem
1683 1280 1867 1343 antiqui

335 1378 553 1418 auctores
565 1387 730 1436 regum
747 1372 931 1436 singula
953 1371 1107 1418 officia
1124 1371 1341 1418 ordinata
1356 1371 1541 1417 ratione
1556 1368 1863 1434 pervolvunt,

335 1458 590 1524 diligenter
615 1459 856 1525 explicant
881 1470 929 1508 et
954 1460 1214 1519 illustrant,
1240 1469 1291 1507 ut
1311 1477 1415 1507 mos
1436 1468 1507 1506 est
1528 1459 1866 1523 magistrorum

337 1555 386 1595 et
414 1547 845 1614 philosophorum,
887 1559 934 1596 at
973 1549 1054 1596 ille
1084 1549 1300 1614 profecto
1331 1548 1518 1595 nullum
1547 1547 1647 1595 fere
1679 1555 1867 1594 certum

336 1636 555 1684 ordinem
581 1647 765 1696 servat,
789 1648 1044 1704 praecepta
1066 1638 1257 1703 regibus
1284 1639 1522 1703 imposita,
1546 1645 1784 1702 quantum
1804 1635 1865 1683 ad

336 1742 471 1772 suam
510 1742 701 1773 causam
735 1726 1068 1774 stabiliendam
1115 1736 1261 1792 atque
1303 1726 1574 1792 augendam
1617 1726 1728 1772 satis
1771 1734 1861 1782 est,

335 1825 698 1874 commemorat,
732 1825 779 1863 et
805 1817 868 1863 ita
895 1816 1184 1881 plerumque
1210 1824 1462 1863 enumerat
1482 1824 1535 1862 ut
1559 1814 1619 1862 de
1645 1814 1736 1861 illis
1766 1813 1864 1861 dis-

336 1911 506 1967 putare
537 1903 671 1951 nolit.
702 1904 772 1951 Ad
802 1906 1102 1970 propositum
1138 1922 1279 1952 suum
1316 1903 1482 1963 finem,
1521 1902 1773 1951 obtinendi
1804 1902 1865 1950 ab

336 1990 590 2050 Edwardo,
626 2001 680 2040 ut
709 1995 1071 2058 procurationes
1110 1993 1265 2052 tollat,
1307 2011 1493 2040 summa
1532 1993 1862 2049 contentione,

337 2079 560 2127 omnibus
593 2081 741 2129 veluti
780 2083 940 2130 nervis
982 2083 1264 2141 connititur,
1305 2099 1363 2130 ex
1402 2099 1496 2147 qua
1539 2082 1864 2129 commotione

336 2169 499 2227 animi,
528 2169 706 2234 aliquid
734 2170 889 2218 influit
908 2172 956 2218 in
979 2180 1132 2219 totum
1151 2188 1290 2236 opus.
1324 2175 1388 2219 Ut
1407 2172 1537 2218 enim
1563 2187 1727 2235 regem
1748 2186 1861 2217 con-

335 2258 466 2316 citet,
500 2274 768 2323 pauperum
802 2260 1042 2307 miseriam
1071 2259 1272 2325 affingit,
1304 2277 1402 2307 non
1436 2258 1641 2307 affirmat
1674 2267 1864 2306 tantum

335 2345 513 2393 multos
543 2346 734 2395 dolores
755 2365 779 2395 a
801 2348 983 2413 populo
1004 2348 1134 2407 ferri,
1157 2348 1241 2396 sed
1273 2349 1503 2413 agricolas
1524 2347 1753 2406 ostendit,
1780 2349 1864 2412 qui

335 2451 446 2494 cum
469 2434 529 2482 ad
554 2435 794 2483 nundinas
821 2454 871 2484 se
897 2437 1152 2484 conferunt
1171 2437 1342 2494 bobus,
1374 2439 1529 2502 equis,
1558 2437 1742 2492 ovibus,
1767 2437 1860 2483 fru-

336 2532 501 2570 mento
529 2523 830 2588 spoliantur,
859 2525 1130 2584 mulierem,
1164 2543 1288 2591 quae
1319 2544 1431 2573 cum
1462 2543 1606 2573 unam
1635 2525 1862 2590 gallinam

335 2611 497 2670 habet,
535 2631 641 2661 eam
673 2615 813 2678 regiis
848 2615 1074 2662 ministris
1110 2615 1299 2662 tradere
1334 2616 1548 2680 cogitur,
1583 2632 1713 2672 mox,
1745 2614 1861 2661 dum

336 2716 439 2758 rex,
474 2700 674 2766 ejusque
712 2701 984 2760 familiares,
1020 2703 1299 2761 comedunt,
1335 2702 1525 2761 bibunt,
1561 2703 1773 2766 gaudent
1813 2711 1862 2749 et

336 2787 594 2848 laetantur,
645 2789 831 2856 mulier.
862 2791 1061 2838 tabescit
1098 2801 1146 2839 et
1184 2791 1308 2839 farne
1346 2790 1619 2839 conficitur.
1666 2795 1858 2849 Nonne,

334 2876 569 2940 quosdam
595 2878 711 2925 alios
741 2887 978 2938 auctoreS,
1013 2881 1219 2927 Simonis
1250 2881 1361 2945 Islip
1388 2880 1488 2927 fere
1519 2897 1741 2938 coaevos,
1778 2879 1864 2927 tibi

336 2964 500 3012 audire
535 2966 744 3013 videris?
782 2969 876 3027 Qui
914 2985 1024 3015 cum
1062 2970 1222 3015 omnia
1255 2970 1302 3015 in
1339 2986 1489 3033 regno
1531 2968 1715 3015 Galliae
1751 2985 1861 3032 per—

393 3151 429 3189 1.
461 3150 518 3189 Cf.
540 3149 639 3188 infra
658 3158 805 3190 textum
825 3152 990 3203 Speculi,
1014 3165 1101 3191 cum
1121 3153 1235 3191 notis.
