2314 3736
205 2339 237 2364 d

949 358 1188 402 —163—

299 449 583 502 consciencia,
603 448 657 491 de
675 448 925 507 hujusmodi
938 450 1084 501 rebus,
1100 465 1188 492 non
1210 447 1310 490 licet
1324 447 1384 489 eis
1399 445 1641 499 comedere,
1660 462 1734 489 seu
1752 461 1832 505 pro

306 535 366 573 se,
395 535 470 562 seu
497 535 576 578 pro
595 519 707 574 aliis,
731 519 900 578 aliquid
920 520 1172 579 contingere
1185 519 1251 563 vel
1279 518 1453 570 habere,
1479 528 1522 560 et
1539 517 1615 572 sic,
1639 516 1752 560 forte
1768 517 1839 560 in-.

302 591 531 634 duceretur
551 607 624 634 rex
650 591 705 633 ad
724 590 967 633 tollendum
987 590 1097 633 illud
1124 589 1446 649 prerogativum
1467 588 1760 632 maledictum.

360 731 568 780 XLVII.
605 733 691 776 Sed
723 733 963 776 timendum
986 744 1050 776 est
1076 732 1195 792 quod
1221 731 1349 775 multi
1367 731 1450 774 viri
1481 730 1662 774 litterati
1691 741 1734 773 et
1759 730 1833 773 alii

301 821 399 848 cum
431 804 610 847 domino
647 820 746 863 rege
777 816 1012 858 morantes,
1043 814 1147 847 sunt
1167 804 1470 862 speculatores
1496 808 1599 857 ceci,
1627 811 1669 844 et
1701 817 1833 844 canes

302 879 426 930 muti,
451 891 537 918 non
563 876 754 919 valentes
769 877 954 929 latrare,
976 877 1166 920 videntes
1186 891 1313 928 vana,
1340 875 1602 917 dormientes
1623 883 1666 916 et
1685 888 1830 915 aman-

302 957 364 991 tes
388 950 576 990 somnia,
603 947 658 989 Et
687 947 909 1005 sequitur:
936 947 1096 990 Omnes
1122 953 1168 988 in
1195 950 1308 990 viam
1335 962 1462 988 suam
1488 946 1829 998 declinaverunt,

301 1023 592 1078 unusquisque
619 1018 681 1060 ad
708 1023 946 1061 avariciam
974 1034 1115 1071 suam,
1151 1033 1180 1059 a
1210 1033 1376 1059 summo
1407 1031 1542 1075 usque
1567 1016 1628 1058 ad
1653 1018 1833 1058 novissi-

302 1106 419 1132 mum
433 1094 466 1143 α,
499 1099 549 1131 ut
579 1088 738 1131 dicitur
770 1089 877 1131 Isaie
912 1105 993 1133 Lvi.
1033 1090 1119 1132 Nec
1149 1088 1322 1141 mirum,
1356 1098 1405 1129 ut
1443 1087 1618 1138 dicitur,
1655 1086 1765 1128 Isaie
1791 1102 1829 1146 i:

303 1161 465 1204 Omnes
509 1161 699 1218 diligunt
739 1175 925 1202 munera
975 1170 1017 1202 et
1059 1169 1299 1218 sequuntur
1334 1159 1636 1201 retributiones
1650 1155 1680 1200 ⁶.
1719 1158 1834 1199 Jere-

303 1231 387 1274 mie
426 1247 525 1274 vm:
567 1229 606 1272 A
646 1233 823 1273 minimo
864 1247 998 1290 usque
1034 1231 1095 1272 ad
1130 1233 1367 1272 maximum
1405 1245 1551 1271 omnes
1592 1231 1831 1271 avariciam

301 1292 551 1361 sequntur⁰.
582 1302 638 1344 Et
663 1301 760 1343 ideo
788 1302 938 1344 timere
971 1312 1155 1360 possunt
1187 1300 1298 1343 illud
1325 1302 1406 1343 Joh
1433 1316 1517 1342 xv:
1555 1300 1675 1357 Ignis
1711 1300 1832 1342 devo-

304 1373 417 1416 rabit
442 1372 733 1415 tabernacula
762 1388 911 1415 eorum
932 1375 1010 1432 qui
1034 1373 1216 1414 libenter
1241 1375 1459 1429 accipiunt
1490 1386 1672 1413 munera
1688 1367 1722 1414 d.
1747 1368 1834 1412 Sed

304 1444 538 1487 emendent
563 1459 607 1486 se
639 1444 693 1485 ab
720 1443 842 1497 istis;
884 1452 926 1485 et
963 1452 1068 1485 tunc
1100 1443 1308 1485 inducent
1346 1442 1575 1484 dominum
1601 1457 1745 1500 regem
1778 1440 1832 1482 ad

302 1514 548 1557 tollendum
581 1514 691 1557 illud
722 1514 999 1557 maledictum
1034 1515 1382 1573 prerogativum:
1409 1514 1534 1571 juxta
1564 1512 1675 1554 illud
1708 1529 1737 1554 11
1779 1512 1833 1554 ad

304 1586 584 1628 Timotheum
612 1602 667 1628 11:
698 1587 749 1628 Si
781 1592 879 1645 quis
915 1587 1208 1629 emendaverit
1247 1601 1293 1627 se
1325 1585 1379 1627 ab
1413 1587 1523 1638 istis,
1565 1586 1649 1625 erit
1679 1599 1753 1627 vas
1787 1589 1832 1625 in

303 1656 466 1699 honore
490 1657 825 1714 sanctificatum,
851 1667 892 1699 et
920 1657 1024 1699 utile
1050 1660 1094 1699 in
1114 1658 1299 1698 Domino
1318 1657 1379 1698 ad
1403 1671 1528 1697 omne
1548 1670 1655 1712 opus
1675 1654 1833 1696 bonum

295 1733 549 1787 paratume.
596 1728 947 1771 Proverbiorum.
970 1744 1080 1770 xxv:
1116 1726 1262 1785 Aufer
1306 1729 1579 1786 iniquitatem
1623 1726 1675 1768 de
1713 1724 1834 1768 vultu

304 1802 421 1858 regis
447 1809 488 1842 et
499 1798 757 1856 firmabitur
783 1799 967 1842 thronus
987 1801 1081 1857 ejus
1101 1796 1384 1857 injusticias.

598 2150 943 2196 CAPITULUM
976 2150 1544 2196 TERCIUMDECIMUM.

365 2364 595 2413 XLVIII.
631 2368 669 2410 Ο
696 2367 884 2410 Domine
904 2367 964 2410 mi
985 2383 1075 2421 rex,
1100 2367 1267 2410 utinam
1295 2383 1464 2426 saperes
1490 2383 1538 2410 ac
1554 2367 1833 2427 intelligeres,

307 2453 356 2481 ac
393 2438 624 2481 novissima
657 2438 922 2497 provideres.
965 2439 1162 2497 Saperes,
1206 2438 1250 2480 id
1290 2446 1369 2492 est,
1419 2439 1571 2481 intime
1604 2438 1833 2497 cogitares,

307 2508 414 2567 quid
443 2509 636 2567 prodest,
665 2517 707 2551 et
734 2509 938 2568 prodesse
969 2509 1053 2551 tibi
1072 2509 1248 2568 poterit,
1285 2509 1444 2552 habere
1463 2525 1652 2552 amorem
1682 2509 1766 2551 Dei
1795 2517 1838 2551 et

309 2595 498 2622 amorem
540 2579 691 2638 populi
727 2580 793 2622 tui
825 2579 1068 2638 anglicani3
1112 2588 1154 2622 et
1187 2580 1450 2639 intelligeres
1492 2580 1599 2638 quid
1638 2587 1764 2622 nocet
1798 2586 1840 2621 et

310 2666 465 2693 nocere
494 2650 575 2692 tibi
603 2650 779 2709 poterit,
810 2650 968 2693 habere
1001 2650 1149 2693 odium
1187 2651 1286 2703 Dei,
1317 2659 1359 2693 et
1404 2651 1553 2693 odium
1589 2650 1743 2709 populi
1774 2650 1840 2692 tui

309 2721 554 2780 anglicani3
596 2736 644 2764 ac
675 2721 907 2765 novissima
946 2722 1211 2780 provideres,
1251 2721 1427 2773 scilicet,
1470 2729 1654 2763 mortem
1692 2729 1837 2773 tuam,

311 2791 503 2850 quande,
540 2791 739 2850 qualiter,
776 2801 817 2834 et
844 2793 934 2847 ubi,
970 2794 1089 2835 Deus
1118 2793 1266 2846 novit3
1302 2801 1415 2835 certe
1442 2792 1669 2834 ordinares
1697 2800 1756 2843 te,
1798 2800 1841 2834 et

310 2862 516 2905 familiam
552 2871 687 2916 tuam,
726 2863 785 2906 ita
817 2871 865 2905 ut
901 2880 1090 2906 amorem
1122 2864 1205 2906 Dei
1244 2872 1286 2906 et
1325 2863 1477 2922 populi
1515 2863 1581 2905 tui
1618 2861 1837 2921 anglicani

312 2933 507 2976 haberes.
531 2934 587 2975 Et
613 2950 690 2993 ego
710 2934 806 2977 dico
834 2934 933 2987 tibi,
962 2950 1106 2978 coram
1126 2936 1236 2988 Deo,
1262 2934 1380 2993 quod
1409 2949 1632 2992 nunquam
1656 2932 1840 2976 habebis

364 3121 401 3145 a.
421 3109 510 3145 lsai.
533 3109 629 3151 LVI,
652 3111 708 3152 10,
733 3113 791 3146 11.
813 3130 858 3138 -·-
880 3109 915 3146 b.
939 3111 1028 3147 Isai.
1052 3111 1080 3152 I,
1105 3113 1162 3147 23.
1184 3130 1229 3138 -—
1251 3123 1282 3146 c.
1299 3110 1376 3145 Jer.
1399 3109 1503 3152 VIII,
1533 3112 1589 3146 10.
1620 3130 1664 3137 —
1683 3109 1720 3145 d.
1753 3109 1840 3145 Job.

317 3155 396 3200 XV,
420 3159 478 3193 34.
500 3179 542 3186 —
562 3171 579 3193 e
600 3158 635 3192 II
652 3159 748 3193 Tim.
773 3158 821 3200 II,
845 3161 902 3194 21.
925 3161 1015 3204 —fi
1037 3159 1151 3194 Eccli.
1173 3159 1286 3201 XXV,
1310 3160 1344 3194 5.
