2444 3750
1239 299 1484 365 —16—⁴

646 442 779 487 Inter
804 438 928 499 illos,
959 449 1179 507 tempore
1211 442 1342 507 prior
1366 450 1439 490 est
1463 442 1902 503 codex‘addititius,
1929 445 1980 492 in
2004 461 2104 510 quo

582 526 750 575 titulus
794 529 944 577 nostri
986 528 1262 578 documenti
1311 531 1378 579 sic
1424 540 1600 579 sonat:
1647 532 1915 596 Speculum
1959 537 2105 598 Regis

581 617 939 676 EdwardiJJJ,
950 635 1051 682 per
1061 621 1322 681 Symonem
1340 620 1485 685 Kslep
1499 620 1653 668 Arch.
1673 624 2102 671 Cantuariensem.

646 706 903 764 Posterior,
949 706 1092 771 longo
1136 707 1332 772 quidem
1385 708 1658 768 intervallo,
1704 719 1779 758 est
1820 709 2107 758 Harleianus

582 795 728 853 6237,
761 793 1008 842 confectus
1044 812 1174 843 anno
1214 798 1353 844 1728.
1376 800 1484 863 Ipse
1510 815 1625 846 vero
1650 799 1917 864 exscriptus
1943 807 2018 847 est
2044 815 2105 847 ex

580 881 674 929 alio
701 881 884 942 codice,
924 892 977 931 ut
1002 893 1201 949 apparet
1239 901 1298 932 ex
1329 884 1432 948 ejus
1458 886 1616 945 titulo,
1646 887 1729 952 qui
1757 888 1824 935 sic
1850 904 1902 936 se
1927 886 2102 936 habet:

589 989 610 1016 «
645 971 913 1036 Speculum
946 977 1076 1037 regis
1118 974 1368 1021 Edwardc'
1410 978 1504 1032 III,
1537 992 1640 1039 per
1682 978 1934 1024 Simonem
1971 975 2106 1042 Islep

584 1080 606 1104 «
644 1061 1087 1126 Archz'episcopum
1122 1065 1530 1110 Cantuariensem
1563 1069 1914 1130 transcriptum
1945 1082 2010 1112 ex
2028 1081 2105 1112 co-

584 1168 607 1193 «
646 1149 756 1196 dice
785 1149 904 1196 olim
936 1150 1178 1198 W'llelmz'
1206 1152 1448 1199 Warham
1479 1153 1860 1218 Arclu‘episcopi
1889 1157 2106 1202 Cantua-

583 1258 605 1282 «
643 1241 837 1298 riensis,
855 1250 1032 1303 postea
1059 1241 1308 1288 Edwardz'
1323 1241 1470 1299 Coke,
1495 1242 1682 1301 militis,
1704 1242 1935 1307 capitalis
1962 1246 2106 1290 lusti·

585 1346 607 1371 «
645 1331 793 1374 clarii
816 1329 880 1375 de
895 1332 1061 1375 Banco
1087 1332 1255 1393 Regio,
1281 1347 1412 1377 nunc
1421 1347 1580 1395 penes
1611 1331 1699 1378 Th.
1725 1331 1873 1390 Coke,
1903 1332 2108 1379 militem

585 1437 607 1462 «
646 1417 710 1464 de
730 1409 934 1464 Ball-280.
965 1436 986 1462 ))
1500 1414 1501 1417 ¹

646 1509 809 1554 Restat
834 1505 1144 1553 indicandum
1170 1506 1414 1572 quomodo
1442 1525 1493 1556 se
1512 1507 1686 1556 habeat
1714 1508 1867 1557 codex
1891 1509 2109 1558 Harleia-

582 1612 674 1642 nus
707 1596 834 1642 2399
870 1594 931 1642 ad
967 1603 1154 1643 textum
1180 1597 1516 1662 primigenium
1551 1596 1726 1645 codicis
1759 1597 2022 1646 Bodleiani.
2050 1601 2108 1646 In

581 1683 684 1743 illo,
703 1683 795 1732 hoc
808 1691 881 1731 est
897 1684 1056 1749 operis
1069 1685 1361 1750 epigramma
1381 1703 1392 1734 ε
1415 1686 1682 1750 Speculum
1701 1690 1846 1752 Regis
1859 1687 2111 1735 Edwardi

580 1776 662 1820 III
697 1772 1018 1838 compilatum
1054 1790 1157 1838 per
1200 1777 1450 1822 Simonem
1499 1775 1644 1840 Yslep
1696 1775 2107 1825 Cantuariensem

580 1862 1039 1927 Archiepz'scopum,
1077 1879 1289 1927 quorum
1322 1864 1586 1912 animabus
1605 1869 1916 1930 propitietur
1948 1869 2102 1913 Deus.

581 1955 762 1999 Amen.

647 2041 848 2106 Propius
878 2040 939 2088 ad
981 2040 1295 2088 Bodleianum
1330 2041 1410 2089 ille
1446 2050 1606 2090 textus
1637 2042 1821 2090 accedit
1848 2060 1995 2108 quam
2029 2042 2110 2090 alii

583 2127 645 2176 de
683 2128 856 2194 quibus
894 2129 1039 2177 modo
1076 2131 1277 2195 egimus.
1313 2131 1522 2190 Etenim,
1560 2132 1610 2178 in
1647 2131 1752 2197 ipso
1791 2132 2108 2197 praemissum

584 2217 838 2283 prologum
874 2235 973 2266 non
1009 2219 1299 2278 invenimus,
1334 2220 1416 2284 qui
1451 2228 1524 2267 est
1565 2220 1615 2267 in
1653 2220 1888 2286 principio
1928 2218 2108 2267 codicis

585 2306 951 2355 Rawlinsoniani
984 2316 1032 2355 et
1056 2307 1264 2355 duorum
1289 2307 1491 2355 aliorum
1524 2307 1584 2355 ab
1607 2307 1690 2356 illo
1722 2269 2104 2374 prodedentium.

584 2398 771 2461 Itaque,
800 2412 899 2443 non
926 2396 1016 2443 nisi
1046 2414 1072 2444 a
1099 2397 1260 2462 capite
1290 2399 1357 2443 III
1383 2396 1561 2456 medio,
1595 2396 1891 2444 concordant
1917 2395 2107 2444 numeri

584 2484 795 2550 capitum
827 2485 875 2531 in
906 2483 1167 2532 Bodleiano
1198 2493 1247 2533 et
1280 2484 1537 2533 Harleiano
1575 2487 1702 2534 2399
1744 2502 1854 2534 cum
1894 2485 2109 2533 numeris

585 2571 787 2620 aliorum
816 2572 1036 2621 codicum
1067 2572 1210 2636 hujus
1235 2574 1512 2639 posterioris
1538 2575 1849 2633 recensionis,
1872 2575 1983 2639 quia
2008 2573 2107 2622 duo

585 2660 698 2709 dicti
718 2660 904 2710 codices
923 2662 1090 2727 capitis
1114 2665 1181 2710 IV
1201 2662 1387 2710 initium
1407 2661 1588 2711 faciunt
1618 2680 1645 2710 a
1675 2661 1860 2711 verbis:
1894 2666 2108 2710 Domine

581 2753 654 2797 mi
669 2767 777 2808 rex,
803 2767 869 2798 ex
884 2767 1044 2815 quo...
1070 2752 1114 2813 (ἓ
1135 2751 1238 2812 VI.)

647 2840 995 2904 Quaecumque
1038 2839 1290 2887 statuimus
1326 2839 1375 2886 in
1413 2837 1831 2905 praecedentibus,
1883 2839 2106 2904 sequenti

583 2925 822 2975 schemate
841 2927 977 2992 quasi
996 2944 1095 2975 uno
1108 2927 1284 2975 intuitu
1304 2926 1510 2976 describi
1528 2935 1758 2994 possunt3
1781 2927 1994 2975 numeris
2008 2943 2107 2974 non

582 3021 791 3080 tempus,
813 3014 898 3063 sed
927 3014 1129 3081 gradum
1154 3014 1346 3079 majoris
1365 3015 1688 3064 similitudinis
1709 3013 2106 3081 significantibus.
