2314 3736
997 381 1237 422 -119—

353 469 621 522 rusticitatis,
653 470 763 512 sicut
784 480 883 512 ante
909 469 987 512 hec
1009 480 1203 528 tempora
1230 469 1424 520 fuerunt,
1449 478 1491 510 et
1513 468 1710 510 fecerunt
1729 468 1882 526 hujus-

356 541 474 584 modi
493 541 603 583 mala
630 541 695 584 tui
714 556 986 599 precursores
1010 551 1053 582 et
1072 551 1146 582 tue
1167 540 1285 582 curie
1323 539 1562 598 garciones,
1600 550 1649 581 ut
1687 550 1806 597 patet
1836 539 1881 582 in

356 612 505 655 multis
543 611 866 670 gravaminibus
899 611 1174 670 supradictis.
1208 611 1246 652 O
1275 610 1454 652 domine
1487 610 1547 652 mi
1579 626 1669 663 reX,
1705 609 1811 652 audi
1841 621 1883 652 et

354 683 546 742 intellige
565 682 682 741 quod
705 686 749 725 in
774 683 919 725 diebus
945 682 1039 726 Noe
1065 682 1260 724 homines
1293 681 1478 723 edebant
1510 691 1551 722 et
1576 681 1777 723 bibebant
1786 696 1804 735 ,·
1843 691 1885 723 et

354 753 572 796 ducebant
598 769 772 805 ascet-es,
797 769 928 812 usqae
954 759 999 794 in
1016 753 1128 795 diem
1149 768 1238 811 qua
1257 755 1439 795 intravit
1458 752 1552 795 Noe
1578 755 1622 793 in
1655 751 1838 794 archam
1867 767 1880 794 .·

355 835 396 867 et
415 830 527 866 venit
545 825 771 877 diluvium,
796 834 837 866 et
847 825 1046 882 perdidit
1063 839 1225 865 omnes.
1258 823 1468 865 Similiter
1491 821 1659 876 factam
1675 832 1738 864 est
1752 822 1879 876 Lotlt,

357 901 402 938 in
428 896 579 938 diebus·
605 898 700 953 ejus
720 899 852 938 etiam
873 895 1059 937 edebant
1077 901 1118 938 et
1144 895 1340 937 bibebant
1375 909 1388 936 .·
1420 894 1619 936 emebant
1655 903 1696 936 et
1730 894 1884 937 vende-

356 967 462 1009 bant
485 967 781 1025 :plantabant
799 976 840 1008 et
859 966 1129 1023 edificabant
1167 982 1174 1007 :
1216 966 1295 1008 sed
1331 982 1418 1024 qua
1449 966 1519 1007 die
1549 968 1681 1008 exivit
1709 964 1824 1007 Loth
1856 981 1886 1006 a

357 1038 571 1091 Sodomis,
598 1038 716 1096 pluit
735 1039 852 1080 Deus
878 1044 1016 1096 ignem
1047 1047 1087 1079 et
1107 1037 1294 1095 sulphur
1313 1038 1366 1079 de
1385 1036 1475 1079 celo
1502 1043 1544 1079 et
1570 1037 1768 1094 perdidit
1797 1051 1886 1078 om-

356 1125 447 1163 neS,
475 1119 522 1151 ut
537 1108 696 1151 dicitur
723 1110 827 1151 Luc.
859 1109 964 1166 xvij,
995 1119 1037 1150 et
1059 1109 1170 1151 Gen.
1196 1108 1313 1150 xixa.
1342 1107 1556 1149 Similiter
1576 1107 1629 1149 de
1649 1107 1823 1149 Dathan
1845 1117 1888 1148 et

357 1181 536 1240 Abyron
561 1197 655 1222 cam
679 1181 976 1223 tabernaculis
996 1183 1085 1222 suis
1106 1189 1148 1222 et
1172 1183 1374 1222 universa
1401 1179 1598 1237 subjecta
1621 1194 1768 1221 eorum
1788 1179 1887 1221 des-

357 1253 673 1311 cenderuntque
694 1255 776 1295 vivi
800 1255 844 1294 in
879 1252 1126 1310 infernam;
1156 1261 1203 1293 ut
1229 1250 1390 1292 dicitur
1418 1250 1599 1292 Numeri
1629 1249 1714 1308 xvij
1730 1247 1759 1291 ὁ.
1800 1250 1889 1292 Hec

358 1333 461 1365 sunt
480 1322 534 1365 de
555 1325 654 1381 jure
675 1323 835 1381 scripto
863 1334 906 1365 et
932 1322 985 1364 de
1005 1322 1267 1380 antiquitate
1280 1320 1308 1363 ².
1335 1321 1420 1363 Sed
1442 1320 1665 1363 videamus
1686 1320 1771 1362 hiis
1792 1319 1885 1362 die-

359 1395 456 1446 bus,
483 1410 630 1436 nonne
652 1405 872 1452 magnates
895 1393 1073 1452 quidam
1098 1394 1227 1451 hujus
1250 1403 1362 1435 terre
1388 1392 1575 1434 edebant
1596 1402 1635 1434 et
1658 1391 1884 1444 bibebant,

358 1465 463 1507 festa
486 1476 528 1507 et
550 1481 694 1507 coreas
716 1465 950 1516 ducebant,
975 1476 1017 1506 et
1045 1464 1260 1506 mirabilia
1278 1463 1507 1516 faciebant,
1533 1474 1576 1505 et
1603 1462 1750 1505 subito
1769 1462 1886 1521 capti

358 1547 400 1578 et
419 1537 581 1578 mortui
603 1547 706 1578 sunt
726 1547 767 1578 et
794 1536 853 1578 sic
875 1536 981 1578 festa
1003 1547 1044 1578 et
1076 1535 1232 1594 gaudia
1257 1551 1332 1577 sua
1353 1544 1671 1577 convertuntur
1697 1533 1743 1575 in
1764 1533 1887 1575 dolo-

360 1623 468 1660 rem,
489 1609 613 1665 juxta
640 1607 750 1650 illud
778 1608 930 1650 Amos.
962 1607 1033 1664 viij
1063 1623 1070 1649 :
1098 1607 1356 1649 convertam
1374 1607 1635 1664 festivitates
1656 1614 1823 1649 vestras
1844 1607 1889 1647 in

360 1679 519 1722 lactum
546 1688 587 1720 et
599 1681 746 1720 omnia
773 1681 946 1720 cantica
963 1688 1105 1722 vestra
1129 1681 1173 1720 in
1185 1678 1433 1735 planetum,
1465 1687 1507 1719 et
1534 1676 1733 1734 sequitur
1757 1691 1766 1718 :
1801 1676 1892 1734 Qui

359 1767 454 1793 cum
483 1765 531 1792 eo
550 1759 652 1792 sant
671 1753 799 1808 quasi
814 1750 925 1792 diem
945 1736 1108 1791 doloris
1145 1758 1185 1790 et
1212 1751 1448 1792 novissima
1485 1750 1582 1806 ejas
1618 1749 1744 1806 quasi
1774 1747 1886 1789 diem

361 1837 564 1863 amaram
577 1825 603 1862 ⁰.
641 1821 695 1862 Et
715 1836 800 1878 que
820 1836 945 1862 causa
972 1820 1134 1877 hujus?
1160 1820 1288 1862 Certe
1307 1829 1493 1878 peccata.
1529 1819 1583 1861 Et
1603 1818 1731 1860 credo
1767 1817 1887 1876 quod

362 1892 475 1934 inter
494 1902 632 1934 cetera
655 1902 842 1950 peccata,
874 1889 983 1933 illud
1015 1901 1079 1933 est
1109 1891 1365 1942 maximum,
1393 1889 1555 1932 scilicet
1587 1905 1738 1948 capere
1774 1890 1888 1932 bona

360 1963 506 2021 aliqua
532 1973 680 2005 contra
718 1962 985 2004 voluntatem
1016 1962 1315 2004 dominorum.
1346 1961 1434 2003 Nec
1471 1961 1649 2012 mirum,
1687 1961 1789 2018 quia
1820 1971 1887 2002 tot

363 2044 466 2076 sunt
486 2033 720 2075 clamantes
740 2033 794 2075 ad
814 2034 974 2083 Deum,
997 2044 1040 2075 et
1065 2032 1338 2091 impossibile
1359 2043 1438 2085 est,
1471 2047 1615 2090 preces
1645 2031 1888 2074 multorum

363 2104 528 2162 injuste
549 2104 756 2155 lesorum,
783 2119 869 2146 non
899 2103 1111 2146 exaudiri.
1138 2104 1191 2146 Et
1208 2102 1492 2147 Ecclesiastic.
1516 2118 1629 2144 xxxv
1649 2119 1656 2145 :
1678 2104 1888 2161 Depreca-

328 2193 330 2195 ’
363 2178 524 2218 cionem
549 2176 628 2217 lesi
637 2176 844 2217 exaudiet
867 2176 995 2217 Deus.
1020 2176 1175 2221 Nonne
1203 2175 1381 2217 lacrime
1402 2175 1524 2217 vidae
1543 2174 1811 2216 descendant
1831 2174 1895 2215 ad

365 2246 595 2288 maxillam
609 2248 632 2288 Ρ
656 2246 694 2288 A
734 2246 924 2288 maxilla
956 2249 1066 2288 enim
1114 2261 1248 2304 usqae
1283 2246 1345 2288 ad
1378 2245 1544 2298 eelum‚·
1584 2255 1627 2286 et
1662 2244 1885 2303 sequitur:

366 2315 482 2360 Deus
509 2317 659 2360 reddet
686 2318 916 2360 vindictam
929 2315 959 2359 α.

423 2446 510 2492 43.
547 2447 602 2489 Et
627 2462 722 2489 ecce
755 2446 971 2489 mirabilia
1000 2446 1083 2489 Dei
1115 2462 1200 2505 que
1235 2445 1349 2489 fiunt
1388 2446 1441 2488 de
1473 2446 1731 2488 ductoribus
1759 2446 1886 2505 regis.

367 2519 522 2561 Nonne
550 2518 703 2560 Petrus
724 2517 778 2559 de
805 2517 1065 2560 Gavestonia
1093 2517 1170 2576 qui
1196 2517 1381 2559 ducebat
1412 2533 1557 2576 regem
1593 2517 1890 2571 E[dwardu1n]

368 2605 456 2647 quo
483 2588 670 2630 voluerit
690 2588 820 2630 etiam
847 2598 998 2647 captus
1021 2588 1104 2630 fuit
1124 2599 1166 2630 et
1187 2587 1440 2645 interfectus
1469 2588 1562 2630 sine
1595 2588 1758 2630 lesione
1791 2587 1892 2629 alio-

368 2655 528 2702 ruina?
568 2659 871 2712 Postmodum,
907 2660 1036 2717 Hugo
1069 2660 1332 2717 Despenser,
1375 2656 1521 2718 pater⁶
1556 2670 1599 2701 et
1627 2658 1784 2710 filius⁰,
1818 2658 1893 2701 sed

414 2825 536 2871 2(Hec
558 2830 646 2859 sunt
666 2825 711 2858 de
729 2824 815 2870 jure
838 2824 980 2870 scripto
1003 2830 1039 2858 et
1060 2825 1105 2858 de
1128 2824 1370 2871 antiquitate)
1390 2836 1461 2859 om.
1482 2823 1555 2865 Cl.,
1576 2824 1622 2859 V.
1646 2824 1687 2859 R.

417 2955 455 2978 a.
478 2943 569 2977 Luc.
587 2943 704 2984 XVII,
723 2944 854 2982 26-29;
874 2943 969 2977 Gen.
987 2943 1084 2983 XIX,
1102 2944 1159 2978 25.
1174 2962 1218 2968 —
1235 2942 1268 2976 b.
1286 2942 1397 2977 Num.
1411 2943 1509 2983 XVI,
1529 2944 1585 2983 32,
1603 2944 1661 2978 33.
1678 2942 1895 2977 -c.Am0s

370 2990 473 3032 vul,
498 2992 555 3026 10.
579 3010 623 3017 -
644 2989 682 3025 d.
705 2991 820 3024 Eccli.
844 2990 991 3030 XXXV,
1016 2992 1072 3031 16,
1098 2992 1153 3031 18,
1175 2991 1232 3031 19,
1255 2992 1313 3025 23.

419 3096 456 3119 a.
481 3083 688 3120 Chronicon
713 3084 879 3130 Galfridi
894 3083 924 3118 le
938 3084 1061 3119 Balcer
1072 3084 1116 3119 de
1131 3084 1380 3130 Swynebrolfe‚
1399 3098 1435 3130 p.
1453 3085 1474 3120 5
1495 3098 1501 3118 :
1525 3085 1564 3119 in
1579 3085 1662 3119 loco
1677 3085 1742 3131 qui
1759 3085 1897 3120 dicitur

373 3132 612 3172 Caveresich,
635 3133 721 3166 XIX
742 3133 800 3166 die
822 3132 964 3166 mensis
988 3132 1090 3165 Junii
1110 3132 1240 3177 (1312)
1261 3132 1330 3166 fuit
1352 3132 1604 3177 decapitatus;
1629 3133 1735 3178 cujus
1758 3145 1896 3178 corpus

374 3180 411 3215 in
440 3179 598 3213 ecclesia
629 3179 786 3213 fratrum
814 3179 961 3213 ordinis
987 3179 1294 3213 Praedicatorum
1323 3180 1367 3213 de
1394 3180 1576 3227 Langley,
1599 3192 1662 3214 rex
1690 3180 1896 3215 honorifice
