2444 3750
909 767 1171 818 LIBER
1223 768 1333 818 IV.

545 993 788 1023 PRAECIPUI
823 993 995 1022 FONTES
1029 993 1211 1022 LIBELLI
1248 993 1438 1023 SIMONIS
1473 994 1609 1023 ISLIP.
1645 1006 1704 1013 —-

841 1064 948 1093 EJUS
977 1064 1221 1094 SCRIBENDI
1251 1065 1402 1094 RATIO.

425 1196 654 1258 Magnum
698 1210 812 1240 sane
839 1193 1083 1258 quoddam
1120 1202 1222 1240 erat
1251 1210 1374 1240 onus
1401 1202 1545 1258 atque
1572 1210 1748 1240 munus
1777 1195 1886 1240 scri-

361 1281 476 1329 bere
503 1290 759 1330 tractatum
792 1281 850 1328 ad
878 1299 1039 1345 regem
1060 1281 1348 1328 Edwardum
1374 1285 1439 1328 III
1464 1302 1484 1325 «
1515 1281 1575 1328 de
1601 1282 1723 1328 mala
1752 1283 1887 1346 regni

362 1370 775 1417 administratione
816 1390 861 1428 »‚
896 1379 943 1418 et
985 1391 1006 1415 «
1045 1370 1105 1417 de
1145 1379 1247 1417 arte
1285 1369 1585 1435 gubernandi
1622 1370 1888 1418 secundum

298 1474 301 1478 ’
356 1458 587 1521 justitiam
635 1478 656 1502 »
680 1477 692 1518 ς
747 1477 926 1505 novum
976 1468 1136 1506 autem
1182 1476 1279 1505 non
1329 1468 1431 1506 erat
1475 1458 1618 1505 illud'
1646 1459 1885 1506 scribendi

361 1565 530 1612 genus,
552 1564 642 1594 nec
677 1547 818 1612 plane
850 1547 1135 1594 inauditum.
1166 1547 1308 1607 Quod
1329 1548 1471 1612 igitur
1496 1564 1605 1594 cum
1627 1548 1888 1612 susciperet

363 1637 546 1693 Simon,
572 1653 803 1701 usurpare
825 1644 1015 1701 poterat
1041 1635 1159 1683 illud
1186 1637 1401 1700 Hugonis
1430 1635 1489 1682 de
1518 1639 1691 1682 Sancta
1717 1637 1885 1694 Maria,

361 1724 585 1772 monachi
611 1724 942 1783 Floriacensis‚
971 1723 1174 1772 dicentis
1201 1725 1250 1771 in
1281 1725 1482 1790 prologo
1516 1733 1745 1772 tractatus
1776 1746 1797 1769 «
1828 1724 1888 1772 de

361 1814 489 1878 regia
515 1812 745 1877 dignitate
771 1813 830 1860 ad
860 1814 1121 1861 Henricum
1151 1830 1314 1878 regem
1335 1813 1598 1878 Anglorum
1623 1830 1672 1860 »:
1702 1817 1890 1878 Sequor

361 1903 670 1967 antiquorum
696 1903 909 1949 virorum
929 1903 1144 1968 vestigia,
1167 1904 1247 1968 qui
1277 1920 1359 1950 sua
1382 1902 1537 1950 studia
1562 1902 1678 1950 olim
1697 1901 1888 1968 regibus

361 1990 733 2056 praesentabant
746 1991 778 2038 ¹.

427 2083 728 2146 Conspersus
771 2080 966 2145 quidem
1003 2088 1075 2128 est
1113 2080 1303 2127 libellus
1351 2080 1546 2127 illorum
1580 2081 1891 2144 antiquorum

363 2169 575 2215 virorum
610 2170 884 2227 sententiis;
927 2186 1022 2215 non
1064 2177 1175 2215 sunt
1206 2168 1316 2215 illae
1348 2168 1544 2233 quidem
1577 2167 1891 2233 aequabiliter

361 2256 494 2304 fusae
531 2273 619 2322 per
650 2274 842 2304 omnem
874 2274 1166 2315 sermonem,
1209 2257 1293 2304 sed
1326 2258 1389 2304 ita
1421 2257 1673 2304 distinctae
1708 2265 1762 2303 ut
1796 2257 1891 2303 sint

362 2345 618 2411 dispositae
644 2347 781 2411 quasi
799 2346 1038 2411 quaedam
1059 2347 1258 2411 insignia
1279 2346 1478 2393 lumina.

417 2438 665 2495 Jamvero,
690 2451 927 2499 quaenam
948 2443 1061 2482 sunt
1080 2435 1166 2481 ista
1186 2433 1447 2481 multorum
1478 2433 1719 2499 exempla,
1739 2451 1797 2481 ex
1812 2450 1887 2481 ve-

360 2531 462 2570 tere
482 2523 730 2580 memoria,
753 2531 800 2570 et
820 2524 1146 2570 monumentis
1174 2540 1230 2569 ac
1253 2522 1437 2581 litteris,
1460 2522 1602 2587 plena
1625 2522 1884 2586 dignitatis,

360 2610 505 2676 plena
525 2612 855 2675 antiquitatis?
882 2615 1010 2659 Haec
1036 2628 1169 2670 sane,
1201 2620 1437 2676 quantum
1464 2611 1692 2676 suspicari
1719 2627 1886 2675 possu-

361 2716 487 2758 mus,
534 2699 594 2746 ab
637 2708 805 2746 octavo
849 2700 1041 2747 saeculo
1079 2701 1128 2755 in
1164 2699 1313 2747 finem
1350 2707 1580 2764 vergente
1624 2698 1889 2764 repetenda

362 2787 517 2834 sunt².
540 2791 715 2835 Fontes
734 2797 895 2835 autem
915 2805 1025 2835 cum
1051 2788 1163 2853 lslip
1192 2796 1522 2852 cognosceret,
1552 2804 1611 2834 ex
1635 2788 1704 2834 eis
1732 2786 1887 2833 hausit

362 2892 486 2940 quae
512 2875 572 2923 ad
588 2877 690 2939 ejus
710 2877 1012 2941 propositum
1032 2878 1214 2942 aptiora
1235 2878 1517 2942 potioraque
1542 2875 1845 2923 videbantur.

418 3055 452 3090 1.
485 3058 530 3092 P.
553 3058 612 3101 L.,
635 3060 664 3092 t.
683 3055 857 3100 CLXIII,
880 3068 919 3106 p.
944 3056 1034 3094 940.
1603 3108 1605 3110 ‚

414 3114 454 3151 2.
486 3112 538 3150 Hi
579 3112 777 3164 praecipui
815 3121 991 3152 auctores
1028 3112 1117 3165 jure
1161 3114 1429 3152 nominentur:
1477 3115 1720 3164 Smaragdus,
1770 3113 1888 3152 abbas

366 3170 492 3210 Sancti
521 3171 718 3210 Michaelis
737 3173 787 3211 ad
810 3175 968 3221 Mosam,
1001 3175 1077 3210 Via
1098 3175 1232 3224 Regia,
1257 3174 1305 3212 ad
1329 3176 1472 3223 Regem
1492 3173 1733 3212 Ludovicum
1761 3172 1884 3220 Pium,
