2444 3750
1009 351 1223 391 ..55-

354 474 509 531 lectis,
533 472 670 537 quasi
691 471 909 535 lugentes
929 486 1097 517 01111105
1118 468 1314 534 Angliae
1333 471 1604 528 comitatus,
1627 479 1887 535 querentes

352 578 522 610 omnes
543 559 686 607 urbes
707 568 755 607 et
770 559 979 617 villulas,
996 575 1199 623 regnum
1220 558 1430 623 denique
1451 568 1623 618 totum,
1647 558 1707 606 de
1728 561 1884 607 minis-

352 660 541 699 trorum
570 649 811 713 regiorum
842 646 1180 712 cupiditatibus
1210 656 1259 694 et
1289 647 1471 710 injuriis
1504 647 1883 713 expostulantes,

352 739 488 804 quasi
519 737 684 785 audire
718 736 855 784 nobis
886 735 1132 795 videmur3
1167 735 1328 783 locum
1360 736 1570 801 denique
1603 738 1727 784 inter
1755 754 1887 785 mare

353 827 697 875 Germanicum
741 834 790 873 01
835 828 1086 873 Oceanum
1121 824 1488 884 occidentalem,
1529 826 1666 890 quasi
1698 825 1887 873 nullum

355 914 501 962 fuisse
542 914 869 978 intelligimus,
901 931 999 978 quo
1032 931 1131 960 non
1172 931 1260 979 per
1296 931 1349 960 ea
1384 922 1618 979 tempora,
1657 931 1885 979 procura-

352 1013 514 1051 torum
542 1003 688 1050 libido
720 1004 1043 1067 iniquitasque
1071 1003 1350 1068 pervaserit.
1377 1002 1582 1050 Dolebat
1602 1004 1743 1068 igitur
1769 1007 1883 1050 Par-

353 1094 652 1150 liamentum,
672 1092 770 1155 jam
793 1109 890 1138 non
909 1092 1025 1150 vim,
1049 1109 1146 1138 non
1168 1109 1298 1138 arma
1317 1092 1565 1138 nationum
1587 1100 1879 1152 exterarum,

356 1199 454 1228 non
472 1180 674 1239 bellum,
698 1198 797 1228 non
818 1181 1055 1228 exercitus
1075 1181 1290 1239 amissos,
1315 1179 1398 1227 sed
1419 1180 1620 1240 luctum,
1643 1180 1880 1241 lacrimas,

355 1270 677 1335 querimonias
699 1269 962 1334 Anglorum
982 1269 1251 1315 hominum.

418 1362 539 1406 Cum
573 1367 735 1405 autem
768 1366 838 1405 tot
859 1367 915 1421 Ι01
948 1366 1127 1416 tantae,
1158 1366 1351 1422 tamque
1381 1376 1548 1422 graves
1577 1359 1883 1408 Parliamenti

352 1448 643 1494 monitiones
654 1464 825 1512 parum
841 1447 968 1512 apud
994 1464 1155 1511 regem
1171 1446 1375 1493 valuisse
1394 1447 1694 1507 viderentur,
1719 1450 1884 1495 Simon

350 1536 463 1600 Islip
491 1536 777 1582 existimavit
809 1552 914 1582 sese
941 1544 1130 1600 gratum
1147 1534 1385 1582 facturum
1408 1552 1512 1582 esse
1531 1536 1698 1598 Anglis
1724 1538 1882 1583 omni-

349 1624 457 1683 bus,
491 1626 527 1670 si
548 1641 715 1671 eorum
739 1624 932 1686 injurias
957 1641 1043 1670 suo
1068 1623 1231 1670 labore
1260 1633 1306 1670 et
1328 1624 1634 1671 incommodo
1662 1643 1748 1672 suo
1774 1643 1878 1690 pro·

352 1722 637 1778 sequeretur
657 1731 669 1771 3
703 1731 799 1760 non
823 1714 980 1759 minus
999 1712 1217 1771 fortasse,
1240 1712 1366 1760 idem
1389 1722 1577 1778 gratum
1602 1713 1878 1777 majoribus,

350 1802 630 1860 baronibus,
660 1801 919 1867 equitibus,
948 1811 994 1849 01
1027 1801 1270 1866 praelatis,
1303 1803 1385 1866 qui
1415 1801 1506 1849 hoc
1531 1802 1880 1850 arbitrarentur

348 1891 488 1954 juris,
525 1890 798 1938 libertatum
837 1892 1054 1937 omnium
1091 1892 1139 1937 in
1178 1895 1350 1955 Magna
1392 1894 1532 1938 Carta
1573 1900 1876 1950 statutarum,

350 1997 532 2038 rerum,
558 1979 960 2044 fortunarumque
987 1997 1182 2026 suarum
1217 1979 1419 2027 salutem
1448 1981 1496 2026 in
1528 1981 1881 2045 procurationi-

347 2068 436 2115 bus
452 2069 757 2115 attenuandis
774 2069 848 2115 vel
863 2069 1005 2115 etiam
1029 2068 1252 2116 tollendis
1273 2070 1551 2116 consistere.
1576 2073 1763 2134 Itaque,
1786 2069 1880 2117 hoc

347 2175 495 2205 onere
520 2166 761 2223 susceptO,
791 2166 838 2204 et
857 2166 1046 2222 recepta
1069 2174 1208 2204 03053
1232 2157 1462 2204 adversus
1484 2159 1878 2223 procurationum

349 2247 562 2309 injurias,
592 2246 842 2311 amplexus
870 2247 1030 2293 animo
1061 2255 1132 2293 est
1158 2246 1403 2311 aliquanto
1430 2246 1688 2312 amplius',
1719 2264 1874 2294 susce-

347 2337 415 2400 pit
446 2337 575 2383 enim
602 2353 794 2383 causam
826 2336 971 2382 totius
998 2337 1064 2382 rei
1093 2335 1311 2401 publicae
1338 2345 1467 2383 recte
1495 2337 1877 2401 componendae,

348 2426 557 2490 suscepit
577 2442 769 2471 causam
790 2426 1119 2490 prosperitatis
1140 2425 1353 2489 Angliae,
1384 2443 1527 2490 quam
1550 2425 1748 2490 putabat
1776 2434 1877 2472 tum

347 2513 558 2577 denique
580 2513 794 2570 stabiliri,
812 2515 992 2578 augeri,
1014 2514 1199 2560 dilatari
1216 2531 1374 2578 posse,
1392 2515 1542 2560 sinon
1563 2514 1705 2560 modo
1718 2515 1876 2560 minis-

350 2610 555 2659 trorum,
590 2611 886 2660 exactorum,
923 2611 1386 2667 procuratorumque
1415 2603 1632 2649 omnium
1665 2602 1879 2660 audacia,

353 2699 573 2737 accurate
611 2692 959 2748 contineretur,
1000 2691 1081 2738 sed
1120 2690 1262 2739 etiam
1299 2692 1692 2756 procurationum
1726 2691 1803 2753 jus
1835 2700 1884 2738 et

406 2919 422 2939 α
454 2906 500 2941 Ε1
520 2904 622 2942 nient
644 2912 842 2950 3105103111,
869 2905 921 2943 105
943 2905 1021 2942 ditz
1039 2912 1190 2954 grantes
1208 2913 1243 2942 et
1262 2917 1487 2956 promesses,
1504 2913 1588 2942 sont
1602 2904 1762 2942 vitailles
1777 2905 1882 2943 levez

352 2976 416 3000 sur
449 2963 484 3000 la
508 2976 721 3009 commune,
758 2977 874 3001 saunz
901 2964 981 3001 rien
1015 2964 1149 3014 paier;
1185 2964 1238 3001 les
1267 2964 1419 3001 chivalx
1452 2965 1484 3001 le
1510 2964 1579 3001 Roi
1601 2972 1636 3001 et
1668 2964 1700 3001 le
1731 2964 1878 3009 Prince,

355 3022 503 3071 gisantz
523 3022 694 3060 diverses
715 3023 867 3073 parties,
893 3037 932 3060 35
946 3023 1060 3073 griess
1074 3031 1245 3072 costages
1265 3024 1313 3060 de
1332 3023 1362 3060 lu
1380 3036 1593 3060 commune.
1618 3038 1635 3057 n
1657 3028 1736 3060 [ἰοί.
1754 3026 1880 3067 Parl.‚

360 3090 387 3119 t.
412 3083 459 3125 11,
485 3095 523 3132 p.
550 3081 636 3121 159.
658 3082 715 3120 Cf.
738 3082 866 3128 etiam,
892 3096 957 3134 pp.
980 3084 1068 3126 105,
1095 3085 1184 3130 140,
1221 3084 1308 3127 159,
1332 3084 1423 3128 238,
1452 3083 1543 3127 247,
1565 3083 1656 3130 258,
1684 3083 1773 3122 319.

412 3143 446 3179 1.
480 3144 511 3177 Α
530 3141 549 3190 ξ
569 3142 632 3179 46.
