2444 3750
1021 384 1231 426 -23-

429 507 591 555 Altera
626 514 701 554 est
728 522 888 563 causa,
923 521 1009 552 cur
1037 505 1162 551 circa
1189 521 1371 551 annum
1406 507 1546 563 1337,
1569 507 1896 553 existimemus

365 595 632 661 Speculum
681 594 1008 659 conscriptum
1051 609 1154 640 esse
1204 610 1231 640 a
1285 594 1497 641 Simone.
1549 597 1766 659 Namque
1813 595 1895 643 illo

365 685 538 733 eodem
577 700 725 741 anno,
767 699 877 730 cum
919 681 1210 746 intelligeret
1253 682 1515 729 Edwardus
1560 683 1726 769 Gall‘os
1770 685 1895 732 inter

366 782 415 822 et
439 773 617 838 Anglos
641 771 824 820 bellum
862 771 1131 829 imminere,
1169 787 1225 818 ac
1255 788 1395 836 posse
1423 780 1674 836 praeterea
1706 771 1811 820 fieri
1842 782 1896 821 ut

367 862 495 910 Scoti
515 860 657 909 simul
678 868 726 907 et
741 859 868 907 Galli
889 860 937 906 in
955 859 1171 924 Angliam
1190 859 1490 918 invaderent,
1514 860 1632 907 nihil
1653 862 1895 926 antiquius

366 949 533 998 habuit
558 967 703 1014 quam
730 957 783 996 ut
809 965 1005 995 omnem
1033 948 1147 995 belli
1181 957 1464 1014 apparatum
1485 949 1572 997 sibi
1592 959 1892 1015 procuraret,

367 1039 623 1105 pecuniam
644 1038 870 1084 nimirum
902 1038 1034 1084 omni
1060 1038 1246 1084 ratione
1267 1038 1615 1102 conquirendo.
1645 1059 1666 1083 «
1692 1042 1808 1097 Rex,
1831 1039 1895 1087 ait

365 1127 575 1175 Adamus
602 1127 980 1183 Murimutensis,
1002 1127 1049 1175 in
1079 1126 1276 1191 singulis
1303 1126 1513 1174 ecclesiis
1540 1120 1893 1175 cathedralibus

363 1216 476 1264 fecit
517 1217 622 1281 capi
669 1224 820 1263 totam
866 1216 1121 1280 pecuniam
1165 1215 1416 1263 collectam
1459 1224 1507 1262 et
1550 1217 1809 1281 repositam
1845 1217 1895 1264 in

367 1305 576 1352 subsidio
607 1309 784 1352 Terrae
804 1307 1008 1351 Sanctae
1024 1305 1054 1351 ¹.
1089 1324 1109 1348 »
1135 1304 1318 1351 Eodem
1347 1313 1582 1370 tempore,
1606 1306 1894 1353 monasteria

363 1402 413 1442 et
439 1411 495 1441 ea
523 1410 620 1441 non
656 1393 851 1458 quidem
884 1410 1054 1458 pauca,
1084 1392 1229 1440 rebus
1254 1401 1302 1440 et
1324 1393 1444 1440 vasis
1457 1394 1625 1458 magni
1644 1394 1785 1458 pretii
1816 1411 1892 1441 ex-

364 1482 564 1547 spoliata
584 1499 689 1529 esse
702 1481 851 1529 refert
876 1482 1110 1529 Henricus
1131 1481 1437 1546 Knyghton².
1463 1486 1565 1529 Hoc
1585 1483 1727 1547 igitur
1741 1482 1893 1530 altero

364 1571 540 1618 indicio
577 1570 874 1628 adducimur,
927 1579 979 1616 ut
1016 1569 1234 1617 libellum
1271 1574 1309 1616 A
1355 1570 1478 1617 circa
1523 1587 1706 1618 annum
1751 1573 1891 1630 1337,

363 1661 457 1707 hoc
477 1661 682 1725 ipsomet
702 1659 903 1706 fortasse
929 1676 1077 1717 anno,
1100 1658 1366 1724 perfectum
1386 1676 1491 1706 esse
1517 1660 1791 1724 opinemur.

427 1748 664 1796 Libellum
709 1752 744 1795 B
789 1757 953 1796 censet
987 1749 1059 1794 vir
1100 1747 1162 1795 cl.
1205 1751 1288 1796 W.
1328 1746 1524 1806 Stubbs,
1568 1765 1697 1795 anno
1747 1751 1888 1808 1349,

363 1838 736 1902 compositum³;
774 1854 918 1901 quam
967 1838 1255 1884 sententiam
1293 1853 1434 1901 aegre
1481 1846 1693 1884 nostram
1732 1837 1889 1885 facere

363 1943 633 1991 possumus.
666 1930 767 1972 Hoc
786 1927 935 1984 enim,
967 1943 1096 1973 anno
1122 1928 1262 1984 1349,
1286 1925 1384 1972 duo
1404 1935 1517 1973 sunt
1537 1926 1748 1973 notanda
1769 1927 1894 1973 inter

363 2031 414 2062 se
440 2015 647 2073 diversa,
666 2015 748 2062 sed
774 2014 988 2077 ejusdem
1010 2015 1259 2073 momenti,
1288 2032 1411 2079 quae
1427 2024 1630 2080 utraque
1650 2015 1894 2080 pertinent

365 2103 425 2151 ad
462 2103 587 2151 hanc
629 2104 976 2168 quaestionem.
1022 2107 1159 2162 Nam,
1198 2121 1256 2151 ex
1296 2121 1391 2150 una
1436 2112 1590 2168 parte,
1636 2104 1889 2168 archiepis-

366 2209 516 2257 copus
537 2193 1005 2255 Cantuariensisjam
1029 2201 1142 2239 tunc
1165 2202 1269 2240 erat
1295 2193 1461 2239 Simon
1480 2192 1617 2257 [slip3
1641 2210 1699 2240 ex
1720 2192 1888 2251 altera,

363 2281 461 2344 jam
502 2281 718 2346 Angliam
763 2282 1001 2328 invaserat
1038 2290 1087 2328 et
1124 2282 1300 2329 multos
1338 2283 1636 2347 corriPuerat
1683 2302 1704 2326 «
1748 2282 1895 2347 pestis

370 2371 503 2435 nigra
515 2370 528 2392 ⁴
554 2390 575 2413 »
587 2406 598 2417 .

421 2588 457 2623 1.
487 2585 628 2623 Adami
647 2584 932 2623 Murimutensis
959 2587 1200 2623 Contc'nuacio
1220 2586 1497 2633 chronicorum,
1521 2598 1561 2636 p.
1586 2587 1649 2624 78.

418 2646 455 2683 2.
493 2645 696 2681 chronicon
716 2645 898 2694 Anglc'ae,
921 2658 960 2696 p.
979 2646 1074 2684 6.—
1089 2644 1161 2683 Th.
1181 2644 1460 2694 Walsingham,
1485 2645 1717 2695 Ypodigma‚
1740 2659 1780 2696 p.
1799 2647 1890 2685 276.

368 2705 452 2741 Hoc
480 2715 580 2740 anno
610 2701 742 2755 (1337)
766 2711 923 2754 propter
947 2703 1150 2742 instantem
1177 2716 1370 2754 guerram,
1406 2717 1476 2741 rex
1507 2704 1669 2753 Angliae
1696 2704 1895 2742 confiscari

368 2762 456 2800 fecit
472 2762 572 2799 bona
588 2762 931 2812 Longobardorum
945 2771 981 2800 et
1002 2763 1276 2800 monachorum
1298 2763 1603 2801 Cluniacensium
1626 2771 1740 2813 atque
1756 2764 1893 2801 Cister-

366 2821 550 2859 ciensium
584 2834 652 2872 per
679 2829 798 2859 totum
828 2834 1035 2871 regnum...
1062 2823 1122 2859 Ad
1152 2822 1247 2860 haec
1268 2823 1394 2860 forsan
1419 2821 1557 2859 alludit
1584 2821 1729 2867 Simon,
1752 2825 1784 2859 A
1813 2823 1892 2871 §4,

422 2939 459 2976 3.
490 2940 555 2976 W.
584 2939 738 2984 Stubbs,
766 2940 1058 2977 Constitutional
1077 2941 1223 2988 history
1242 2938 1288 2989 of
1302 2940 1495 2990 England,
1520 2947 1546 2978 t.
1572 2941 1622 2985 ΙΙ,
1646 2953 1684 2990 p.
1709 2941 1797 2978 535.

420 2999 457 3035 4.
490 2997 649 3035 Roberti
665 2999 713 3035 de
733 2998 947 3048 Avesbury,
967 2999 1185 3046 chronicon,
1204 3012 1242 3049 p.
1269 3000 1359 3038 406.
1376 3021 1426 3026 —
1443 2999 1646 3035 Chrom‘eon
1665 3012 1691 3034 a
1711 2999 1893 3035 monacho

367 3060 408 3093 S.
452 3055 608 3103 Albani,
647 3070 686 3107 p.
722 3059 785 3095 ⁶27.
822 3060 929 3094 Tunc
960 3057 1086 3102 villae,
1122 3057 1213 3095 olim
1248 3058 1467 3095 hominibus
1501 3056 1781 3102 refertissimae,
1815 3057 1895 3095 suis

374 3114 578 3152 destitutae
597 3123 684 3152 sunt
706 3116 850 3154 colonis
868 3132 876 3162 ;
903 3125 940 3154 et
956 3117 1053 3155 adeo
1079 3117 1212 3155 crebra
1242 3117 1359 3169 pestis
1380 3116 1554 3162 invaluit,
1580 3123 1621 3154 ut
1641 3115 1706 3154 vix
1727 3116 1807 3154 vivi
1824 3130 1896 3169 po-

370 3172 512 3212 tuerint
531 3181 700 3213 mortuos
719 3174 892 3226 sepelire.
