2314 3736
1170 350 1406 392 —148-

520 452 560 485 et
597 444 807 500 cogitacio
840 456 989 483 eorum
1026 441 1147 499 apud
1164 439 1452 484 Altissimum.
1490 440 1590 482 Ideo
1628 443 1839 499 accipient
1860 455 2042 500 regnum

519 514 688 556 decoris
714 522 754 555 et
778 512 981 554 diadema
1000 514 1159 569 speciei
1182 512 1235 553 de
1256 527 1386 553 manu
1410 512 1583 553 Domini
1592 515 1619 552 ³.
1652 512 1707 553 Et
1728 510 1840 565 ideo,
1864 511 2043 554 domine

521 600 610 636 rex,
641 599 740 626 cave
767 582 863 635 tibi,
902 593 945 624 et
971 581 1116 624 omnia
1144 583 1256 624 bona
1284 597 1412 640 opera
1443 597 1527 640 que
1550 581 1710 640 poteris
1733 581 1869 624 facere
1896 581 2038 624 facias.

522 654 902 712 Quandocumque
919 663 1041 712 potes
1062 653 1173 694 bene
1194 653 1343 705 facere,
1367 652 1578 694 instanter
1594 668 1770 711 operare
1790 652 1894 694 dum
1917 651 2038 704 vivis,

518 724 618 784 quia
659 724 820 767 mortui
849 723 959 766 nihil
982 722 1170 782 amplius
1191 734 1375 782 possunt
1393 723 1491 781 plus
1513 738 1643 782 quam
1663 723 1842 775 habent,
1866 734 1909 766 et
1929 721 2042 765 obli-

519 795 634 838 vioni
662 806 726 838 est
753 794 909 838 tradita
945 794 1152 836 memoria
1186 793 1457 836 eorumdem.
1495 794 1551 836 Et
1587 793 1701 845 ideo,
1739 793 1883 835 omnia
1912 808 2041 852 opera

517 883 604 925 que
634 866 771 909 credis
806 867 898 908 Deo
922 865 1102 924 placere,
1144 864 1286 907 facito.
1316 863 1461 906 Nescit
1487 864 1619 906 homo
1642 863 1772 906 finem
1805 879 1944 917 suam,
1967 862 2043 906 sed

519 936 630 980 sicut
663 937 799 996 pisces
825 936 1060 995 capiuntur
1091 936 1235 987 hamo,
1266 946 1309 977 et
1342 935 1453 978 sicut
1478 951 1575 978 aves
1610 934 2044 994 comprehenduntur

519 1007 691 1067 laqueo,
716 1006 775 1050 sic
796 1006 1055 1049 multociens
1076 1005 1311 1065 capiuntur
1330 1004 1530 1048 homines
1550 1016 1744 1064 tempore
1766 1005 1895 1048 malo.
1916 1003 2044 1047 Unde

519 1077 745 1138 provideas
778 1076 856 1119 tibi
887 1078 1012 1129 bene,
1052 1076 1157 1119 dum
1193 1076 1300 1119 vivis
1340 1087 1382 1118 et
1417 1075 1627 1135 quicquid
1658 1087 1792 1135 agunt
1819 1074 1942 1118 stulti
1984 1075 2043 1118 sis

520 1165 741 1192 memor...
761 1148 780 1190 P
798 1147 950 1207 Cogita
973 1163 1164 1207 quoque,
1189 1147 1308 1206 quod
1331 1164 1416 1190 non
1440 1148 1571 1189 habes
1594 1146 1664 1189 hic
1680 1158 1925 1190 manentem
1943 1145 2044 1189 civi-

519 1230 668 1272 tatem,
699 1219 773 1262 sed
796 1219 987 1261 futuram
1011 1218 1292 1277 inquirimus.
1320 1217 1420 1260 Fuit
1441 1218 1557 1260 enim
1580 1217 1624 1260 in
1646 1217 1838 1276 antiquis
1866 1217 2042 1277 regibus

519 1301 563 1333 et
590 1289 879 1349 principibus,
910 1300 952 1331 et
978 1289 1109 1331 debet
1139 1305 1230 1331 esse
1255 1288 1299 1331 in
1329 1288 1550 1341 omnibus,
1575 1287 1849 1348 providencia
1875 1299 1917 1331 et
1941 1303 2040 1331 con-

521 1360 730 1404 sideracio
777 1360 922 1403 future
956 1359 1121 1402 mortis.
1160 1361 1220 1401 Ut
1253 1359 1369 1402 enim
1413 1358 1573 1401 dicitur
1613 1358 1656 1401 in
1702 1358 1787 1401 vita
1832 1358 2042 1402 Johannis

521 1430 842 1484 Elemosinarii‚
890 1429 1150 1489 antiquitus,
1198 1441 1428 1489 postquam
1470 1430 1706 1489 imperator
1743 1440 2039 1482 coronaretur,

520 1502 664 1546 statim
704 1502 758 1545 ad
797 1518 898 1545 eum
944 1501 1304 1560 ingrediebantur
1340 1501 1608 1544 edificatores
1653 1512 2040 1544 monumentorum

521 1573 712 1616 dicentes
739 1572 903 1615 eidem:
932 1572 1137 1626 Domine,
1167 1572 1221 1614 de
1246 1588 1334 1631 quo
1356 1572 1531 1614 metallo
1549 1573 1678 1630 jubes
1706 1583 2041 1615 monumentum

520 1655 647 1688 tuum
693 1643 815 1686 fieri?
860 1642 1135 1686 Insinuantes
1178 1642 1379 1685 videlicet
1406 1642 1460 1696 ei,
1502 1642 1620 1701 quod
1659 1654 1866 1701 tanquam
1911 1642 2042 1685 homo

519 1714 820 1774 corruptibilis
863 1725 905 1756 et
937 1713 1227 1767 transitorius,
1263 1729 1411 1756 curam
1454 1714 1633 1756 haberet
1672 1713 1817 1755 anime
1861 1729 1953 1767 sue,
2001 1723 2044 1755 et

519 1802 702 1846 regnum
743 1785 812 1844 pie
844 1784 1110 1844 disponeret.
1154 1786 1212 1827 Ut
1242 1783 1303 1826 ait
1341 1784 1563 1843 Sapientia
1602 1784 1765 1837 divina,
1804 1783 2039 1827 Ecclesias-

519 1856 590 1899 tici
618 1873 701 1899 vu:
735 1857 786 1898 In
814 1856 1009 1898 omnibus
1050 1855 1250 1914 operibus
1282 1859 1367 1897 tuis
1398 1871 1642 1897 memorare
1671 1858 1899 1898 novissima
1933 1864 2041 1897 tua:

517 1938 557 1970 et
583 1933 627 1970 in
647 1937 843 1970 eternum
864 1943 951 1968 non
968 1927 1173 1985 peccabis
1187 1925 1212 1968 s.
1245 1925 1472 1968 Meditatio
1500 1925 1615 1968 enim
1646 1925 1797 1968 mortis
1826 1936 1890 1968 est
1917 1925 2041 1984 quasi

521 1998 692 2041 frenum
720 1997 943 2040 hominem
971 1997 1194 2039 refrenans
1229 2013 1281 2039 ne
1313 2008 1508 2039 exerceat
1539 1996 1798 2056 cupiditates
1826 1995 1914 2039 sive
1939 1995 2042 2038 libi-

518 2069 658 2112 dines.
695 2069 822 2111 Unde
855 2080 1056 2111 narratur
1081 2068 1198 2126 quod
1240 2079 1413 2111 mortuo
1450 2068 1697 2110 Alexandro
1728 2069 1903 2126 Magno,
1942 2083 2041 2110 cum

520 2140 641 2183 fieret
665 2141 759 2198 ejus
790 2139 1014 2198 sepultura
1036 2154 1181 2192 aurea,
1214 2150 1512 2181 convenerunt
1539 2139 1591 2180 ad
1613 2155 1711 2181 eum
1741 2137 1921 2197 plurimi
1949 2137 2041 2196 phi-

517 2211 690 2270 losophi
723 2211 777 2253 de
804 2210 965 2269 quibus
994 2226 1109 2252 unus
1136 2209 1272 2252 dixit:
1312 2209 1558 2251 Alexander
1594 2209 1685 2251 heri
1718 2209 1771 2251 de
1801 2224 1907 2251 auro
1944 2208 2043 2251 fecit

517 2282 599 2325 sibi
626 2282 896 2333 thesaurum,
921 2297 1053 2333 nunc,
1090 2296 1113 2322 e
1144 2280 1376 2329 contrario,
1416 2280 1546 2323 hodie
1582 2295 1738 2322 aurum
1768 2279 1821 2321 de
1853 2295 1903 2321 eo
1942 2279 2043 2322 fecit

520 2353 791 2397 thesaurum.
839 2351 964 2394 Alius
1003 2351 1291 2410 philosophus
1332 2350 1476 2393 dixit:
1517 2350 1619 2392 Heri
1667 2366 1754 2392 non
1803 2348 2044 2392 sufficiebat

519 2422 767 2465 Alexandro
798 2433 913 2464 totus
945 2420 1152 2474 mundus,
1190 2420 1320 2463 hodie
1362 2419 1585 2463 sufficiunt
1617 2419 1699 2462 sibi
1737 2419 1825 2462 duo
1865 2419 1930 2462 vel
1957 2430 2041 2462 tres

518 2493 622 2536 ulne
657 2492 807 2552 panni,
844 2492 887 2534 in
916 2507 1003 2550 quo
1036 2491 1172 2550 possit
1207 2491 1381 2535 involvi.
1419 2490 1594 2534 Tertius
1628 2489 1761 2533 dixit:
1798 2489 2043 2533 Alexander

515 2563 681 2623 populo
703 2563 958 2622 imperabat,
989 2561 1118 2605 hodie
1145 2562 1334 2621 populus
1361 2561 1546 2621 imperat
1575 2561 1652 2603 illi.
1679 2561 1872 2615 Quartus
1899 2559 2037 2603 dixit:

514 2634 760 2677 Alexander
786 2633 931 2693 potuit
953 2632 1113 2675 multos
1134 2649 1156 2675 a
1179 2644 1316 2675 morte
1343 2632 1542 2685 liberare,
1573 2631 1703 2674 hodie
1725 2630 1862 2690 ipsius
1890 2630 2041 2674 mortis

509 2705 653 2763 jacula
691 2721 778 2747 non
824 2704 969 2763 potuit
1007 2703 1181 2746 evitare.
1229 2703 1425 2758 Quintus
1466 2703 1603 2745 dixit:
1648 2702 1751 2745 Heri
1796 2701 2042 2744 Alexander

511 2775 699 2818 ducebat
727 2774 980 2826 exercitum,
1012 2774 1139 2816 hodie
1171 2775 1225 2816 ab
1270 2774 1376 2833 ipsis
1414 2773 1590 2816 ducitur
1618 2772 1855 2832 sepulture.
1884 2772 2040 2814 Sextus

512 2845 653 2888 dixit:
685 2845 786 2888 Heri
810 2845 1053 2888 Alexander
1071 2846 1294 2903 premebat
1322 2855 1498 2897 terram,
1524 2843 1654 2886 hodie
1671 2844 1726 2885 ab
1752 2858 1799 2885 ea
1828 2842 2042 2901 premitur

511 2916 619 2975 ipse.
651 2916 873 2975 Septimus
891 2915 1002 2958 dixit
1020 2932 1028 2957 :
1055 2915 1157 2957 Heri
1178 2915 1475 2957 Alexandrum
1492 2925 1641 2973 gentes
1658 2914 1885 2966 timebant,
1909 2911 2041 2954 hodie

507 3003 606 3029 eum
639 2987 766 3030 vilem
796 2997 1015 3046 reputant.
1057 2987 1246 3028 Octavus
1281 2985 1419 3028 dixit:
1456 2985 1559 3027 Heri
1599 2983 1847 3027 Alexander
1886 2982 2040 3026 habuit

515 3138 560 3182 V,
583 3140 687 3175 6-15.
710 3158 754 3167 —
775 3149 808 3174 e.
831 3138 918 3184 Sap.
939 3137 983 3179 V,
1006 3140 1062 3179 16,
1086 3140 1142 3174 17.
1165 3157 1210 3164 -
1230 3139 1258 3182 f.
1282 3137 1397 3172 Eccli.
1424 3135 1508 3178 v11,
1532 3138 1588 3172 40.
1612 3149 1707 3182 -ἕ,
1732 3135 1846 3171 Eccli.
1867 3133 2034 3176 xxxvl,
