2444 3750
983 363 1194 403 ..57-

329 483 444 532 nihil
474 483 658 542 datum,
688 492 770 530 aut
796 490 983 530 tantum
1010 481 1195 539 datum,
1227 489 1464 546 quantum
1496 479 1669 544 reliqui
1701 479 1852 527 scriba

328 572 499 638 aliquis
520 572 713 630 fecerat,
737 580 819 619 aut
838 570 965 617 ultro
992 571 1154 628 etiam,
1187 569 1233 616 id
1267 569 1395 634 quod
1427 585 1569 634 saepe
1598 567 1697 615 sieri
1727 567 1852 615 sole-

327 660 426 720 bat,
461 660 641 725 aliquid
670 660 899 707 ablatum.
938 663 1183 724 Cogantur
1213 659 1354 705 etiam
1395 658 1758 722 procurationes
1793 655 1853 704 ab

329 750 577 814 agricolis?
603 749 858 810 Quomodo
877 750 895 795 Ρ
915 751 1023 808 Quo
1047 748 1154 810 jure
1173 749 1191 794 Ρ
1212 750 1316 807 Qua
1338 746 1547 793 ratione¹
1569 747 1587 792 Ξ)

392 841 529 895 Nam,
544 855 654 885 cum
669 837 850 884 fructus
871 836 1219 902 diripiebantur
1236 844 1479 882 aratorum
1499 843 1546 882 et
1565 835 1854 881 rusticorum

327 927 597 985 hominum,
619 935 764 991 atque
790 927 922 973 omni
942 924 1278 972 lacerabantur
1299 925 1577 989 iniquitate,
1608 922 1856 970 videbatur

328 1015 376 1062 id
403 1015 608 1080 perdere
633 1015 856 1079 agricola,
886 1014 1018 1080 quod
1043 1023 1202 1061 aratro
1232 1015 1332 1078 ipse
1366 1013 1649 1077 quaesisset,
1681 1013 1727 1058 in
1758 1029 1856 1076 quo

328 1103 637 1162 elaborasset,
658 1104 788 1169 quod
804 1105 927 1169 agris
941 1113 1200 1168 egetesque
1217 1101 1517 1149 extulissent.
1534 1100 1720 1161 Quibus
1736 1100 1853 1163 inju⁴

330 1193 409 1239 riis
426 1194 730 1257 gravissimis,
755 1202 916 1240 tamen
938 1192 1052 1239 illud
1081 1201 1184 1239 erat
1210 1192 1440 1238 miserum
1461 1190 1700 1247 solatium,
1725 1189 1856 1254 quod

329 1282 377 1328 id
402 1282 606 1346 perdere
637 1283 897 1340 videretur,
930 1281 1078 1346 quod,
1115 1280 1206 1327 alio
1241 1279 1522 1344 benigniore
1556 1279 1852 1336 vicecomite,

333 1371 503 1418 eodem
534 1389 591 1418 ex
625 1389 739 1436 agro
773 1388 997 1436 reparare
1034 1379 1212 1436 posset.
1249 1369 1438 1433 Ingenti
1482 1385 1596 1415 vero
1644 1367 1856 1433 plurium

331 1469 701 1525 procuratorum
730 1460 996 1526 cupiditati,
1027 1469 1079 1506 ut
1109 1459 1402 1506 satisfaceret
1428 1457 1653 1522 agricola,
1683 1473 1854 1521 equOS,

328 1548 495 1607 boves,
528 1558 739 1596 aratrum
773 1550 947 1615 ipsum,
977 1557 1026 1596 et
1057 1565 1202 1595 omne
1243 1549 1616 1594 instrumentum
1648 1544 1860 1592 traderet

332 1655 526 1685 necesse
553 1647 671 1697 erat,
702 1656 826 1704 quae
853 1655 967 1685 sane
1005 1656 1103 1685 non
1130 1646 1288 1685 aratro
1313 1653 1369 1683 ac
1401 1653 1547 1682 manu
1579 1642 1854 1699 quaereret.

331 1730 454 1774 Cum
474 1728 602 1774 enim
617 1729 791 1775 aratori
810 1745 934 1774 onus
949 1727 1144 1792 aliquod
1162 1727 1443 1792 imponitur,
1467 1724 1691 1771 arationis
1713 1723 1859 1788 ipsius

328 1817 399 1863 vis
411 1833 466 1863 ac
480 1817 601 1863 ratio
616 1816 948 1873 consideretur
958 1816 1062 1864 vult
1076 1817 1239 1863 Simon
1252 1815 1383 1880 Islip,
1403 1813 1517 1879 quid
1529 1830 1585 1861 ea
1600 1813 1856 1870 sustinere,

331 1904 446 1970 quid
476 1906 589 1970 pati,
622 1906 736 1970 quid
764 1905 953 1953 efficere
989 1906 1133 1971 possit
1166 1922 1220 1953 ac
1249 1904 1437 1952 debeat.
1477 1907 1656 1962 Porro,
1690 1918 1750 1948 ne
1778 1900 1856 1947 ali-

330 1994 466 2056 cujus
487 1994 680 2058 quidem
709 1996 940 2042 momenti
967 1995 1085 2042 haec
1106 1994 1425 2052 habebantur,
1450 1993 1589 2058 prisis
1617 1993 1664 2037 in
1692 1990 1858 2054 Anglia

331 2082 618 2147 vigentibus,
648 2083 731 2130 sed
752 2093 890 2131 erant
906 2084 1159 2149 agricolae,
1183 2101 1270 2149 per
1290 2092 1446 2130 totum
1473 2098 1696 2146 regnum,
1727 2080 1860 2126 omni

331 2173 514 2218 ratione
536 2172 706 2237 perditi
726 2182 774 2219 et
788 2173 1032 2219 exinaniti.
1052 2177 1116 2220 Ac
1136 2172 1339 2238 proinde
1355 2189 1452 2218 non
1468 2170 1654 2218 dubitat
1671 2170 1856 2226 Simon,

331 2261 447 2325 quin
471 2262 645 2308 iterum
665 2270 810 2326 atque
826 2263 1018 2320 iterum,
1037 2279 1199 2327 regem
1215 2262 1454 2319 hortetur,
1474 2269 1526 2307 ut
1541 2258 1676 2307 tollat
1700 2278 1719 2303 «
1741 2256 1861 2304 illud

333 2350 641 2397 maledictum
667 2352 1053 2416 praerogativum
1084 2370 1126 2398 ».

388 2525 606 2579 1.'A§17.
