2444 3750
844 837 1105 889 LIBER
1155 837 1282 887 111.

918 1102 1123 1148 CAPUT
1158 1104 1193 1146 1.

336 1317 392 1346 DE
427 1317 858 1348 PROCURATIONIBUS
893 1319 938 1348 IN
973 1318 1143 1348 ANGLIA
1176 1316 1416 1348 REGNANTE
1452 1318 1680 1348 EDWARDO
1716 1318 1784 1347 111.

643 1390 809 1419 VARIAE
845 1390 1032 1420 SPEClES
1068 1390 1476 1420 PROCURATIONUM.

359 1518 584 1582 Cupienti
606 1518 838 1566 Edwardo
860 1523 924 1566 III
950 1536 1026 1566 res
1051 1520 1227 1585 patrias
1247 1518 1558 1585 amplificare,
1588 1518 1648 1566 de
1668 1519 1822 1583 impe-

293 1606 364 1652 rio
390 1608 526 1671 regni
556 1607 740 1655 Galliae
766 1625 877 1656 cum
896 1608 1114 1674 Philippo
1131 1613 1191 1656 Vl
1214 1608 1481 1668 decertare,
1506 1608 1667 1655 hostes
1692 1608 1825 1654 omni

293 1696 540 1760 copiarum
578 1713 756 1760 genere
794 1696 1094 1744 abundantes
1131 1697 1385 1760 subjicere,
1425 1706 1575 1744 terras
1611 1696 1823 1758 disjunc-

294 1784 497 1831 tissimas
532 1786 740 1832 victoriis
778 1803 1053 1851 peragrare,
1096 1804 1194 1833 non
1224 1785 1312 1834 fuit
1332 1787 1379 1833 in
1407 1788 1567 1834 animo
1590 1795 1642 1832 ut
1674 1802 1823 1832 onera

292 1875 686 1938 procurationum
716 1883 1005 1923 attenuaret.
1033 1875 1225 1923 Crebris
1246 1876 1375 1922 enim
1402 1875 1611 1922 motibus
1633 1875 1680 1921 in
1704 1877 1822 1921 Sco-

291 1963 373 2020 tia,
396 1963 444 2008 in
471 1962 714 2022 Hibernia,
743 1964 792 2010 in
814 1965 1092 2023 Wasconia,
1117 1963 1308 2011 fortuna
1329 1964 1463 2029 regni
1481 1963 1675 2028 Angliae
1696 1961 1821 2010 labe-

291 2050 454 2098 factari
469 2068 523 2098 ac
538 2061 708 2099 nutare
719 2052 996 2110 videbatur,
1023 2054 1338 2117 pecuniarum
1352 2053 1567 2117 angustia
1586 2069 1644 2099 eo
1668 2068 1820 2116 usque

290 2156 375 2186 rex
401 2139 776 2204 deprimebatur,
812 2149 864 2187 ut
895 2158 1035 2206 saepe
1064 2159 1175 2188 cum
1207 2141 1469 2189 baronibus
1496 2150 1545 2188 et
1578 2158 1689 2188 cum
1719 2148 1818 2187 tota

295 2247 317 2272 «
346 2229 480 2292 regni
500 2230 843 2276 communitate
867 2249 912 2287 »,
946 2231 1083 2294 quasi
1103 2247 1257 2295 aequo
1272 2230 1398 2293 jure,
1421 2230 1482 2277 de
1508 2227 1819 2294 vectigalibus

289 2317 605 2381 percipiendis
622 2317 870 2365 decertare
888 2327 1158 2383 cogeretur.
1183 2321 1319 2379 Quae
1331 2335 1495 2366 rerum
1510 2317 1818 2364 difficultates

230 2442 235 2446 ,
283 2403 381 2467 jam
405 2423 431 2452 a
460 2405 756 2470 temporibus
777 2406 995 2454 Edwardi
1021 2410 1042 2454 I
1072 2416 1121 2455 et
1146 2407 1365 2454 Edwardi
1390 2411 1433 2454 II
1463 2415 1681 2472 coeptae,
1711 2423 1818 2470 reg-

289 2502 436 2542 nante
462 2493 697 2541 Edwardo
717 2498 797 2552 III,
825 2495 874 2541 in
900 2495 1111 2543 deterius
1130 2495 1409 2560 vergebant.

351 2563 566 2647 Ingentia
594 2584 818 2631 nimirum
833 2593 971 2632 erant
990 2593 1061 2632 tot
1080 2584 1321 2632 bellorum
1339 2584 1606 2650 dispendia,
1636 2583 1813 2649 quibus

289 2678 342 2717 ut
361 2670 638 2718 subveniret
657 2671 938 2730 Edwardus,
958 2674 1102 2720 tantis
1128 2672 1316 2721 tributis
1334 2690 1537 2738 regnum
1558 2672 1812 2720 exhaurie-
1858 2731 1859 2734 Ἰ

289 2757 371 2805 bat
383 2767 436 2805 ut
451 2761 588 2823 quasi
602 2760 842 2825 vectigalis
853 2769 950 2808 tota
964 2761 1148 2826 Anglia,
1165 2762 1362 2826 singulis
1379 2761 1540 2820 rebus,
1556 2778 1812 2826 quaecum·

290 2863 385 2911 que
410 2849 629 2895 venirent
650 2858 732 2895 aut
756 2850 961 2907 exirent,
997 2859 1130 2897 certo
1150 2852 1363 2915 portorio
1384 2852 1626 2916 imposito,
1663 2851 1811 2897 servis

290 2936 428 2999 regiis
455 2935 718 3000 publicanis
739 2937 840 2985 fieri
870 2938 1155 2986 videretur¹.
1181 2942 1505 3004 Quapropter,
1535 2956 1813 3003 quanquam

347 3101 384 3196 12.
405 3099 575 3139 Thorold
596 3104 755 3152 Rogers,
778 3116 838 3153 op.
861 3104 944 3151 cit„
967 3110 993 3141 t.
1019 3104 1050 3148 l,
1072 3116 1111 3154 p.
1139 3105 1226 3143 119.
1256 3125 1309 3133 -—
1328 3103 1610 3155 Cunningham‚
1634 3119 1694 3156 op.
1723 3106 1809 3154 cit.‚

291 3170 330 3210 p.
385 3161 448 3198 56.
