2314 3736
1105 290 1344 332 —114—

518 380 602 428 37.
639 381 750 436 Quis
786 391 851 423 est
883 379 956 422 ille
981 380 1245 423 christianus
1283 395 1384 422 sane
1418 380 1592 432 mentis,
1629 380 1705 438 qui
1736 380 1780 422 in
1807 380 1986 423 veritate

458 453 602 502 sciret,
642 452 762 511 quod
806 451 1099 493 communitas
1127 450 1281 509 populi
1313 450 1482 492 doleret
1513 449 1567 492 de
1603 466 1681 492 suo
1710 450 1915 503 adventu,
1944 462 1988 494 et

457 523 576 582 quod
611 522 820 581 gauderet
853 521 907 564 de
947 537 1027 565 suo
1062 537 1248 572 recessu,
1288 522 1393 579 quin
1429 520 1668 563 maximum
1701 520 1896 562 dolorem
1930 521 1988 563 ob

458 593 575 636 illam
615 608 787 636 causam
828 591 1024 635 haberet.
1080 592 1243 634 Mirum
1289 602 1353 633 est
1397 591 1543 644 etiam,
1597 590 1784 649 qualiter
1823 591 1986 650 poterit

457 662 712 707 comedere¹
746 663 846 716 lete,
888 662 953 704 vel
989 663 1156 715 bibere,
1197 677 1270 704 seu
1305 677 1381 721 pre
1412 661 1595 720 pudore,
1637 677 1781 703 coram
1820 660 1987 720 populo

459 750 725 794 comparere.
756 735 812 776 Et
836 733 957 787 audi,
988 732 1168 775 domine
1199 748 1291 783 rex,
1324 732 1432 790 quid
1452 731 1612 774 dicitur
1638 732 1683 790 iij
1709 733 1875 790 Regum
1914 732 1984 789 xxj

458 816 502 849 et
528 806 616 863 xxij
633 810 667 848 α.
701 806 794 847 Rex
823 803 974 846 Achab
1003 803 1173 846 locutus
1201 813 1265 845 est
1284 802 1338 845 ad
1361 802 1533 845 Naboth
1561 802 1737 845 dicens:
1766 803 1839 844 Da
1857 801 1989 845 michi

462 880 627 921 vineam
666 885 786 918 tuam
821 878 923 934 qaia
961 880 1102 918 vicina
1127 883 1191 916 est
1226 873 1358 916 michi
1385 883 1426 915 et
1452 888 1595 931 prope
1629 874 1800 915 domum
1832 888 1985 917 meam.

464 948 672 1006 Daboqae
695 946 774 989 tibi
801 962 886 1004 pro
913 961 982 997 ea,
1019 948 1182 989 vineam
1215 945 1451 998 meliorem,
1495 953 1574 986 aut
1597 946 1770 1002 argenti
1792 946 1989 999 precium

459 1027 667 1078 quantam
697 1017 827 1070 valet,
869 1017 936 1059 vel
962 1017 1099 1075 digna
1125 1025 1202 1059 est.
1235 1016 1319 1057 Cui
1343 1015 1567 1072 respondit
1601 1014 1780 1058 Naboth
1811 1014 1988 1056 dicens:

460 1089 573 1134 Nolo
601 1088 681 1131 tibi
698 1103 794 1130 eam
817 1088 1014 1131 vendere.
1047 1087 1253 1145 Venitqae
1278 1085 1432 1128 Achab
1453 1089 1498 1128 in
1523 1086 1695 1127 domum
1721 1100 1848 1127 suam
1874 1085 1989 1127 indi-

456 1175 600 1219 gnans
621 1169 662 1202 et
681 1165 745 1201 ait
766 1164 898 1200 uxori
915 1174 992 1200 sae
1017 1158 1135 1217 quod
1152 1156 1325 1201 Naboth
1345 1157 1485 1199 noluit
1511 1157 1692 1199 vendere
1718 1156 1800 1198 sibi
1825 1161 1990 1199 vineam

460 1247 603 1274 suam.
637 1231 848 1289 Dixitque
873 1230 932 1271 ad
956 1244 1051 1271 eum
1071 1244 1184 1270 uxor
1203 1230 1299 1285 ejus
1315 1242 1328 1269 :
1360 1227 1554 1270 Grandis
1580 1230 1856 1269 auctoritatis
1872 1241 1932 1279 es,
1950 1235 1992 1269 et

461 1302 564 1344 bene
584 1305 699 1360 regis
726 1316 925 1359 regnam.
949 1300 1093 1358 Surge
1113 1309 1153 1341 et
1179 1299 1350 1341 comede
1373 1308 1415 1340 et
1434 1297 1546 1340 dabo
1568 1298 1647 1340 tibi
1663 1300 1827 1340 vineam
1846 1297 1985 1339 illam.

461 1373 585 1416 Misit
613 1388 726 1414 uxor
751 1374 849 1430 ejus
869 1371 1039 1412 litteras
1066 1371 1127 1412 ad
1151 1375 1370 1427 opinatos,
1401 1375 1478 1427 qai
1506 1368 1757 1411 habitabant
1781 1383 1876 1410 cum
1898 1367 1991 1411 Na-

461 1444 575 1497 both,
607 1454 656 1486 ut
682 1458 781 1501 eum
805 1457 881 1500 per
902 1441 1032 1483 falsos
1054 1451 1183 1483 testes
1215 1439 1523 1482 interficerent.
1552 1438 1684 1493 Quod
1706 1438 1866 1481 factum
1890 1437 1987 1481 fuit.

462 1514 681 1573 Venitque
717 1529 827 1556 uxor
862 1512 934 1554 illa
961 1511 1013 1553 ad
1042 1511 1192 1553 Achab
1219 1510 1393 1552 dicens:
1425 1511 1581 1568 Surge,
1610 1510 1786 1568 posside
1823 1512 1990 1552 vineam

462 1585 638 1630 Naboth
676 1590 753 1644 qai
783 1584 921 1626 noluit
952 1599 1048 1625 eam
1081 1583 1157 1625 tibi
1189 1582 1382 1626 vendere.
1413 1582 1513 1626 Non
1541 1583 1652 1623 enim
1673 1583 1773 1624 vivit
1797 1579 1987 1633 Naboth,

463 1657 541 1699 sed
558 1666 754 1699 mortuus
774 1664 852 1698 est.
890 1655 1020 1713 Quod
1043 1670 1140 1695 cam
1166 1654 1358 1695 audisset
1376 1651 1527 1695 Achab
1553 1651 1730 1695 Naboth
1756 1660 1988 1704 mortuum,

464 1733 689 1786 occupavit
716 1730 881 1770 vineam
905 1728 1016 1783 ejas,
1047 1739 1177 1782 quam
1207 1722 1348 1766 noluit
1366 1722 1552 1765 vendere
1580 1721 1634 1764 ei.
1666 1722 1822 1764 Statim
1845 1722 1993 1780 factus

464 1809 527 1842 est
552 1814 694 1840 sermo
724 1798 786 1839 ad
822 1797 1005 1852 Helyam
1041 1795 1264 1837 Thesbiten
1289 1795 1436 1836 dicens
1456 1808 1469 1835 .·
1498 1794 1641 1851 Surge
1661 1802 1701 1835 et
1721 1792 1930 1835 descende
1949 1795 1994 1834 in

464 1885 691 1912 occursum
719 1867 868 1910 Achab
900 1869 1017 1925 reqis
1044 1865 1238 1908 Israelis.
1269 1866 1380 1907 Ecce
1408 1865 1471 1906 ad
1504 1867 1668 1906 vineam
1700 1863 1876 1907 Naboth
1901 1863 1992 1904 des-

465 1941 608 1983 cendit
633 1949 680 1982 ut
701 1940 926 1997 possideat
946 1953 1056 1982 eam.
1092 1938 1151 1978 Et
1171 1937 1358 1995 loqueris
1375 1936 1435 1978 ad
1452 1951 1547 1977 eum
1576 1935 1722 1977 dicens
1736 1948 1749 1975 .·
1778 1935 1869 1975 Hoc
1889 1933 1995 1975 dicit

466 2013 687 2063 Dominus,
719 2014 763 2052 in
791 2010 900 2063 loco,
932 2012 976 2051 in
1003 2023 1088 2067 qao
1121 2008 1345 2049 linxerunt
1371 2022 1500 2048 canes
1531 2008 1786 2063 sanguinem
1818 2003 1994 2047 Naboth

467 2082 654 2124 lambent
679 2096 847 2140 qaoque
873 2090 994 2122 tuum
1019 2082 1309 2137 sanguinem..
1342 2077 1427 2130 Sic,
1451 2076 1548 2118 dico
1565 2075 1660 2128 tibi,
1686 2074 1864 2117 domino
1885 2072 1991 2132 regi,

466 2152 586 2211 quod
623 2163 802 2211 propter
829 2149 1111 2193 multimodas
1139 2148 1320 2207 injurias
1357 2164 1465 2206 quas
1503 2147 1669 2189 faciunt
1701 2144 1890 2188 ministri
1930 2144 1995 2187 tui

468 2223 735 2283 pauperibus
772 2220 1098 2280 compelluntur
1137 2235 1348 2279 pauperes
1393 2218 1579 2260 vendere
1617 2228 1751 2259 terras
1790 2231 1906 2267 suas,
1953 2225 1996 2256 et

469 2306 575 2337 tunc
606 2294 652 2335 in
684 2292 856 2335 miseria
889 2291 1152 2344 moriuntur,
1183 2301 1225 2332 et
1251 2289 1364 2344 ideo,
1396 2288 1621 2347 provideas
1650 2287 1745 2339 tibi,
1780 2302 1833 2328 ne
1858 2284 1997 2328 consi-

471 2365 574 2407 mile
594 2364 675 2407 tibi
696 2363 935 2422 contingat.

532 2506 616 2553 38.
653 2507 708 2548 Et
733 2505 964 2564 diligenter
978 2503 1167 2556 adverte,
1192 2502 1368 2545 domine
1389 2517 1478 2552 rex,
1507 2500 1626 2559 quod
1653 2499 1725 2542 illa
1747 2514 1876 2558 prava
1896 2513 1998 2541 con-

472 2577 658 2620 suetudo
687 2577 741 2619 de
760 2575 945 2618 emendo
973 2590 1039 2616 res
1066 2573 1233 2632 aliquas
1267 2589 1345 2631 pro
1377 2571 1535 2614 minori
1565 2571 1708 2630 precio
1734 2586 1863 2628 quam
1893 2585 1996 2611 ven-

470 2649 587 2690 ditor
617 2647 719 2690 velit
752 2662 821 2689 eas
851 2646 968 2699 dare,
1000 2645 1176 2687 inducta
1206 2660 1282 2702 per
1308 2642 1628 2702 predecessores
1657 2652 1770 2691 tuos,
1802 2641 1846 2682 in
1875 2639 1997 2682 nullo

472 2718 630 2778 poterit
667 2729 708 2760 te
738 2720 906 2776 juvare,
943 2715 1139 2774 quamvis
1173 2715 1281 2757 mala
1309 2712 1579 2756 consuetudo
1611 2712 1693 2754 nisi
1724 2711 1855 2753 cicius
1888 2709 1998 2752 radi-

470 2791 582 2832 citus
603 2789 811 2831 evellatur
837 2788 881 2830 in
901 2786 1226 2846 privilegiorum
1250 2787 1322 2843 jus
1344 2784 1397 2827 ab
1419 2783 1522 2842 ipsis
1548 2782 1786 2825 assumitur
1803 2792 1846 2823 et
1866 2781 1996 2823 etiam

474 2939 603 3022 013Ίή
619 2938 828 3020 ίὲἶφιαΙὶῑει·
847 2957 889 2964 —
910 2936 1127 2983 comedere)
1148 2935 1337 2982 quomodo
1359 2933 1500 2980 possis,
1519 2932 1668 2967 domiue
1686 2943 1763 2972 rex,
1784 2929 1993 2969 comedere,

520 3092 557 3118 a.
586 3080 754 3127 111Reg.
783 3078 881 3120 XXI,
914 3079 1017 3113 2-19.
