2444 3750
1018 324 1228 366 -13-

410 443 663 508 Cleopatra
688 442 888 508 praebet
921 441 1052 508 opusv
1075 443 1258 490 Simoni
1291 459 1402 490 cum
1440 441 1532 489 hoc
1554 441 1694 489 titulo
1718 460 1728 489 :
1755 446 1873 507 Spe-

343 533 511 579 culum
526 537 670 596 Regc's
689 533 975 579 Edwardus
1005 536 1099 588 III,
1129 536 1227 579 sive
1265 542 1505 578 tractatus
1545 532 1875 596 degaberna-

343 626 475 668 tione
498 626 641 685 regni
670 622 940 668 secandum
957 622 1219 683 justiciam
1237 639 1337 685 per
1365 624 1614 668 Simonem
1644 622 1767 686 Islc'p
1794 640 1872 669 ar-

342 711 705 774 chiepiscopum
732 714 1159 756 Cantuarz'ensem.
1197 711 1292 769 Qui
1318 700 1448 756 hunc
1477 718 1660 756 textum
1688 711 1874 757 curavit

341 816 457 864 prae
477 799 627 846 oculis
650 798 872 846 habuiSse
895 798 1082 845 videtur
1103 807 1152 846 et
1178 798 1486 863 Digbiensem
1510 807 1557 845 et
1575 800 1870 846 Faustinam.

340 887 650 952 Digbiensem
670 887 840 952 procul
866 886 1012 934 dubio
1033 896 1226 934 secutus
1253 896 1342 945 est,
1367 887 1560 934 mutatis
1587 895 1750 935 tamen
1772 905 1872 935 non

340 977 504 1041 paucis
526 976 827 1035 lectionibus,
851 994 975 1041 quae
1002 977 1199 1042 quidem
1232 978 1522 1024 mutationes
1547 977 1692 1024 verba
1724 978 1873 1042 magis

341 1062 555 1111 afficiunt
583 1082 728 1129 quam
758 1066 1036 1112 sententias.
1072 1066 1346 1112 Faustinam
1379 1066 1524 1112 etiam
1550 1064 1753 1113 fortasse
1788 1083 1874 1125 007

340 1153 521 1217 gnovit,
569 1171 680 1200 nam
730 1154 868 1200 multi
908 1153 999 1200 loci
1037 1171 1159 1219 quos
1204 1155 1253 1200 in
1297 1155 1522 1201 Faustina
1564 1154 1732 1202 deesse
1773 1156 1870 1201 ani-

340 1241 701 1301 madvertimus,
742 1242 884 1290 iidem
914 1261 939 1290 a
979 1251 1108 1291 textu
1148 1243 1435 1308 Cleopatrae
1477 1243 1694 1303 exulant,
1741 1244 1872 1309 quod

339 1329 535 1379 fortuito
561 1333 832 1396 contigisse,
868 1349 1026 1396 aegre,
1062 1333 1110 1379 ni
1130 1332 1285 1391 fallor,
1310 1332 1694 1398 persuadebitur.
1726 1337 1871 1381 Prae-

342 1427 487 1479 terea,
520 1421 757 1485 quaedam
791 1422 839 1467 in
873 1420 1126 1487 Cleopatra
1157 1430 1346 1469 tantum
1374 1439 1471 1469 non
1507 1423 1868 1470 inveniuntur¹.

338 1512 559 1575 Insuper,
589 1512 615 1572 ἓ
655 1510 765 1568 25²,
808 1509 887 1557 ubi
920 1510 1257 1558 describuntur
1294 1512 1570 1559 vexationes
1601 1520 1648 1559 et
1675 1512 1872 1577 rapinae

338 1615 457 1662 quas
473 1597 817 1663 perpetrabant
841 1619 862 1642 «
885 1602 1154 1646 Gara-iones
1163 1616 1261 1663 pro
1276 1603 1469 1663 magnis
1489 1603 1690 1664 equis»,
1709 1607 1869 1647 textus

339 1687 589 1734 Faustinae
643 1704 840 1752 prorsus
885 1704 995 1734 cum
1035 1687 1278 1752 Digbiensi
1322 1697 1575 1748 consonat,
1624 1688 1866 1754 discrepat

337 1784 499 1838 autem
520 1775 792 1842 Cleopatra.

403 1868 552 1912 Vetus
579 1866 751 1930 Regius
785 1883 883 1913 non
910 1867 1126 1932 proxime
1158 1884 1183 1914 a
1211 1866 1457 1931 Digbiensi
1484 1867 1649 1915 codice
1677 1867 1869 1916 deriva-

337 1961 442 2012 tur,
466 1954 567 2013 sed,
606 1964 659 2002 ut
683 1955 890 2014 videtur,
916 1956 1032 2003 nihil
1059 1966 1131 2004 est
1150 1956 1279 2003 aliud
1302 1957 1388 2003 nisi
1424 1974 1547 2004 nova
1581 1957 1868 2022 Cleopatrae

338 2044 656 2109 transcriptio.
686 2044 827 2105 Quod
850 2045 1046 2110 quidem
1070 2045 1198 2092 haud
1219 2045 1393 2103 dubiis,
1415 2047 1562 2093 immo
1579 2046 1868 2111 quibusdam

337 2133 535 2179 omnino
556 2133 817 2181 manifestis
838 2134 1041 2193 indiciis,
1065 2134 1320 2199 colligitur.
1346 2136 1534 2182 Etenim
1558 2153 1568 2182 :

402 2223 442 2283 a)
458 2225 512 2268 In
532 2222 695 2270 codice
719 2223 964 2288 Digbiensi
995 2226 1021 2285 ἓ
1045 2227 1092 2282 2,
1109 2223 1225 2271 haec
1241 2224 1467 2288 leguntur
1483 2225 1703 2289 :...qaod
1714 2225 1868 2272 habes

335 2312 515 2358 cotidie
531 2314 693 2375 (Deus)
717 2313 1016 2377 maltc'ch‘cat
1036 2331 1132 2377 per
1158 2314 1297 2378 qaod
1312 2318 1493 2360 instrui
1518 2314 1731 2361 debes...
1760 2317 1866 2361 Jam

334 2416 469 2458 vero,
499 2400 782 2466 Cleopatrae
804 2401 1023 2448 librarius
1054 2403 1101 2448 in
1122 2402 1212 2450 hac
1236 2403 1471 2450 sententia
1493 2403 1681 2467 signum
1714 2403 1863 2468 quod-

336 2488 446 2535 dam
473 2490 598 2536 inter
619 2490 763 2537 verba
773 2508 874 2554 per
890 2500 938 2538 et
956 2492 1094 2555 quod
1112 2492 1329 2550 inseruit,
1353 2508 1510 2556 neque
1532 2492 1743 2557 scripsit:
1769 2496 1863 2539 ins-

336 2583 436 2623 trui
453 2579 615 2636 debes,
647 2579 730 2626 sed
756 2597 764 2626 :
784 2597 889 2644 per
913 2581 1060 2627 debes
1086 2581 1229 2627 dare.
1274 2584 1524 2628 Praeterea
1560 2581 1608 2626 in
1647 2582 1864 2646 margine

334 2664 453 2713 haec
496 2666 721 2714 adnotata
755 2676 894 2715 sunt:
921 2669 1121 2733 aliquid
1146 2670 1339 2716 videtur
1365 2670 1549 2716 deesse.
1580 2670 1724 2734 Atqui
1747 2669 1865 2738 haec

334 2755 512 2814 omnia,
537 2756 726 2820 signum
747 2758 1015 2804 omissionis
1037 2766 1085 2805 et
1106 2766 1218 2805 nota
1240 2758 1512 2823 margina'lis
1540 2759 1684 2806 etiam
1710 2775 1861 2823 appa-

334 2852 443 2890 rent
480 2844 528 2890 in
550 2848 725 2892 Vetere
747 2848 908 2911 Regio.

391 3056 426 3092 1.
458 3057 492 3092 A
512 3056 531 3104 ἓ
553 3057 614 3101 13,
638 3055 658 3108 g
682 3058 742 3105 14,
763 3057 864 3096 circa
885 3058 1012 3097 finem.

387 3114 426 3151 2.
457 3117 490 3151 A
510 3115 530 3163 ξ
552 3115 618 3153 25.
