2314 3736
1158 283 1396 326 —164—

511 387 700 415 amorem
729 373 811 416 Dei
837 383 880 415 et
907 373 1058 432 populi
1089 373 1154 416 tui
1182 373 1437 431 anglicani¹‚
1460 371 1667 431 quamdiu
1689 370 1923 416 servientes
1945 373 2027 425 tui,

510 454 552 486 te
570 444 890 495 consenciente,
913 443 1090 502 capiunt
1117 460 1184 486 res
1204 444 1365 487 alienas
1386 459 1465 502 pro
1494 442 1651 485 minori
1677 457 1807 500 quam
1831 443 2031 486 venditor

508 514 612 556 velit
637 513 755 560 dare.
781 514 1003 557 Psalmus:
1042 515 1133 572 Qui
1160 515 1344 573 diligitis
1375 516 1530 567 Deum,
1562 514 1675 555 odite
1697 514 1862 556 malum
1878 518 1912 556 ⁰.
1945 509 2031 556 Sed

509 584 671 627 malum
710 596 753 627 et
790 585 1003 643 injustum
1040 596 1119 636 est,
1158 600 1309 643 capere
1342 601 1407 627 res
1449 584 1625 634 alienas,
1659 583 1836 626 domino
1863 584 2027 636 invit03

507 656 606 715 quia
628 672 707 714 pro
727 667 862 708 certo,
890 655 967 698 hec
994 671 1079 698 non
1110 655 1267 698 faceres
1288 655 1342 697 de
1363 655 1500 697 amico
1526 670 1652 712 quem
1683 653 1842 712 diligis.
1868 654 1922 697 Et
1951 654 2032 697 boc

506 738 571 769 est
595 737 846 785 preceptum
868 726 966 777 Dei,
998 737 1046 768 ut
1074 726 1228 784 diligas
1254 726 1499 784 proximum
1527 736 1649 767 tuum
1682 724 1790 766 sicut
1820 724 2025 783 teipsum.

506 797 662 840 Matth.
686 814 774 839 xxii
794 808 836 839 et
862 798 964 840 Luc.
989 813 1046 839 x:
1074 798 1239 855 Diliges
1267 798 1502 838 Dominum
1532 797 1671 837 Deum
1702 805 1821 837 tuum
1853 811 1907 837 ex
1939 805 2029 838 toto

505 869 635 911 corde
668 878 745 911 tuo
772 883 827 910 ex
850 877 942 910 tota
968 873 1116 910 anima
1143 878 1234 921 tua,
1258 875 1301 910 et
1324 884 1379 909 ex
1405 877 1493 909 tota
1519 876 1677 919 mente,
1708 876 1749 908 et
1771 871 2027 923 proximum

505 949 640 992 tuum,
680 944 790 981 sieut
826 935 1044 996 teipsutn⁶.
1080 938 1198 980 Scire
1234 939 1349 979 enim
1384 948 1426 979 te
1458 937 1570 985 volo,
1613 935 1729 994 quod
1767 952 1854 977 non
1895 935 2026 978 habes

503 1024 694 1051 amorem
715 1009 867 1068 populi
901 1009 1115 1067 anglicani
1142 1009 1251 1050 sicut
1281 1009 1421 1050 bonus
1450 1023 1522 1049 rex
1552 1007 1680 1048 debet
1707 1006 1890 1058 habere;
1926 1006 2028 1064 quia

503 1080 557 1122 de
575 1081 692 1122 bono
712 1095 826 1138 rege,
850 1079 1006 1138 gaudet
1027 1079 1212 1138 populus
1233 1079 1276 1120 in
1305 1078 1489 1120 adventu
1513 1079 1621 1135 ejus,
1646 1085 1688 1119 et
1714 1077 1901 1135 populus
1919 1076 2026 1119 mul·

502 1159 597 1194 tum
633 1150 848 1193 desiderat
878 1150 1111 1193 adventum
1145 1151 1248 1191 boni
1275 1149 1416 1207 regis3
1447 1148 1522 1191 sed
1557 1148 1611 1190 de
1642 1156 1719 1190 tuo
1750 1147 1954 1198 adventu,
1978 1155 2026 1189 ut

502 1221 789 1265 communiter
826 1221 1002 1272 dicitur,
1047 1221 1245 1262 tristatur
1288 1219 1476 1278 populus
1521 1218 1788 1277 anglicanus,
1841 1226 1883 1260 et
1924 1218 2022 1268 hoc,

503 1301 681 1351 propter
699 1292 926 1351 capciones
955 1307 1060 1350 quas
1087 1291 1320 1334 servientes
1341 1290 1406 1332 tui
1426 1289 1617 1348 capiunt.

560 1432 746 1480 XLIX.
782 1434 837 1476 Et
866 1433 979 1485 ideo,
1006 1432 1101 1475 dico
1129 1431 1226 1485 tibi,
1255 1431 1435 1474 domino
1461 1430 1567 1489 regi,
1593 1430 1627 1472 si
1655 1429 1909 1487 hujusmodi
1929 1445 2026 1488 cap-

501 1506 647 1549 ciones
674 1516 716 1548 et
748 1503 1085 1563 depredaciones
1106 1503 1266 1546 durent
1287 1502 1329 1544 in
1363 1501 1481 1544 curia
1503 1512 1574 1543 tua
1601 1516 1742 1559 usque
1765 1500 1817 1543 ad
1839 1511 2021 1542 mortem
2046 1498 2052 1502 ’

501 1588 621 1620 tuam
642 1575 696 1618 de
715 1591 929 1618 consensu
953 1586 1044 1625 tuo,
1067 1586 1111 1616 tu
1141 1574 1255 1616 dices
1281 1588 1290 1615 :
1320 1575 1431 1623 Heu,
1456 1573 1556 1623 heu,
1582 1571 1683 1614 heu.
1716 1572 1770 1613 Et
1796 1587 1930 1630 quare
1956 1582 2023 1613 ter

502 1647 586 1690 heu
607 1646 719 1699 dico,
742 1646 859 1705 quod
881 1645 1025 1688 dices?
1043 1644 1206 1695 Primo,
1238 1644 1320 1686 heu
1349 1643 1468 1701 quod
1495 1658 1688 1701 unquam
1718 1653 1845 1684 natus
1880 1641 2018 1685 fuisti.

502 1719 556 1760 Et
576 1717 738 1776 quare?
765 1716 879 1771 Quia
901 1731 1070 1774 semper
1097 1715 1181 1758 fuit
1207 1715 1309 1768 heu,
1334 1714 1600 1772 ubicumque
1639 1713 1683 1755 in
1710 1724 1865 1755 terram
1901 1723 2020 1755 tuam

499 1788 672 1832 venisti.
704 1788 789 1830 Sed
812 1789 952 1845 majus
980 1787 1081 1839 heu,
1106 1785 1186 1828 erit
1217 1785 1312 1838 tibi,
1348 1785 1524 1843 quando
1563 1783 1705 1826 anima
1746 1795 1818 1825 tua
1856 1798 2020 1842 separa-

500 1859 863 1917 bituracorpore
889 1868 932 1900 et
967 1856 1223 1899 liberabitur
1260 1855 1450 1898 diabolo.
1489 1855 1574 1897 Sed
1606 1854 1746 1896 adhuc
1781 1853 2020 1896 maximum

501 1930 585 1973 heu
607 1929 690 1972 erit
716 1929 813 1980 tibi,
842 1945 941 1971 cum
969 1927 1110 1970 anima
1139 1938 1211 1969 tua
1246 1926 1494 1985 portabitur
1520 1925 1571 1967 ad
1608 1924 1847 1974 infernum,
1884 1935 1926 1966 et
1961 1923 2022 1966 ibi

500 2001 583 2043 erit
603 2001 646 2042 in
675 2000 760 2043 heu
782 2011 824 2042 et
849 1998 1116 2042 cruciabitur
1135 1998 1227 2040 sine
1254 1997 1355 2040 fine.
1382 1998 1436 2038 Et
1457 1997 1554 2049 hoc,
1583 2006 1700 2037 recto
1727 1995 1807 2037 Dei
1825 1994 2017 2052 judicio;

499 2072 600 2130 quia
624 2070 734 2114 sicut
760 2071 813 2112 de
833 2070 1019 2113 adventu
1052 2080 1126 2111 tuo
1154 2084 1324 2127 semper
1346 2068 1428 2110 fuit
1460 2067 1543 2109 heu
1568 2066 1611 2108 in
1634 2081 1911 2124 quocumque
1927 2064 2020 2107 loco

501 2158 667 2185 moram
695 2152 899 2192 traxeras,
937 2151 1115 2199 propter
1148 2139 1412 2181 extorsiones
1435 2153 1541 2196 quas
1573 2137 1766 2179 fecerunt
1787 2135 2020 2178 servientes

500 2212 582 2267 tui,
612 2223 653 2255 te
674 2212 968 2272 permittente,
998 2210 1213 2263 videlicet,
1243 2225 1395 2268 capere
1423 2224 1490 2250 res
1527 2207 1709 2250 aliorum
1745 2222 1824 2265 pro
1860 2205 2019 2248 minori

500 2283 646 2343 precio
661 2299 792 2342 quam
808 2282 1042 2324 voluerunt
1062 2281 1180 2332 dare,
1205 2280 1264 2323 sic
1283 2279 1426 2321 anima
1445 2290 1535 2332 tua,
1554 2289 1652 2336 post
1673 2288 1857 2319 mortem
1873 2276 1918 2318 in
1934 2273 2020 2318 he‘u

499 2354 759 2406 remanebit,
784 2369 924 2412 usque
950 2352 994 2394 in
1015 2351 1130 2394 diem
1149 2350 1321 2409 judicii,
1363 2360 1406 2392 et
1441 2360 1545 2391 tunc
1572 2348 1733 2390 redibit
1770 2363 1927 2406 corpus
1965 2346 2020 2388 ad

498 2425 706 2476 animam,
730 2435 773 2467 et
789 2439 946 2482 corpus
972 2439 1070 2466 cum
1093 2422 1236 2465 anima
1265 2420 1394 2464 simul
1430 2419 1845 2462 condemnabuntur
1875 2417 2022 2459 incen-

498 2495 582 2539 diis
602 2495 895 2554 sempiternis,
926 2509 1025 2536 nam
1051 2493 1126 2552 qui
1148 2492 1250 2535 socii
1274 2492 1454 2534 fuerunt
1471 2491 1516 2533 in
1537 2489 1674 2539 viciis,
1697 2487 1800 2531 socii
1823 2498 1953 2530 erunt
1971 2486 2018 2529 in

498 2566 638 2625 penis.
671 2567 767 2608 Una
794 2580 983 2623 namque
1003 2579 1112 2623 pena
1134 2563 1342 2622 implicat,
1366 2577 1477 2620 quos
1501 2577 1615 2603 unus
1642 2574 1764 2609 amor
1778 2558 1822 2600 in
1837 2557 2020 2601 crimine

498 2636 618 2695 ligat.
644 2637 699 2678 Et
720 2635 834 2688 ideo,
863 2651 963 2678 cave
984 2634 1079 2677 tibi.
1106 2635 1161 2676 Et
1187 2644 1363 2692 propter
1396 2630 1651 2690 hujusmodi
1688 2629 1893 2689 pericula,
1930 2643 2018 2670 non

499 2707 642 2750 tardas
667 2706 818 2750 tollere
844 2705 950 2748 illud
980 2704 1257 2748 maledictum
1293 2702 1630 2762 prerogativum,
1660 2699 1838 2753 scilicet,
1866 2714 2019 2758 capere

544 2906 748 2946 xnvnl.
776 2906 855 2954 ¹(et
874 2906 1006 2955 populi
1026 2905 1080 2942 tui
1101 2904 1306 2953 anglicani)
1325 2917 1435 2953 quem
1454 2901 1593 2940 habere
1613 2915 1688 2939 non
1711 2900 1861 2949 poteris
1885 2910 2018 2950 quam·

499 2955 563 2991 diu
584 2956 793 2991 servientes
813 2955 879 2991 tui.
904 2955 948 2990 A.

545 3084 583 3111 α.
606 3072 668 3108 Ps.
692 3072 824 3116 XCVI,
847 3076 904 3111 10.
926 3093 973 3102 —
993 3070 1027 3108 b.
1051 3070 1295 3114 Matt.xx11,
1319 3073 1377 3114 37,
1401 3073 1444 3108 38
1461 3085 1469 3114 ;
1486 3070 1574 3107 Luc.
1595 3070 1639 3113 X,
1663 3071 1720 3106 27.
