2314 3736
1097 300 1336 341 -134-

452 413 558 458 pore
580 394 692 454 regis
719 391 896 436 Henrici
924 389 1072 450 proavi
1091 389 1171 441 tui,
1202 399 1245 431 et
1266 388 1308 431 in
1338 403 1417 431 suo
1437 387 1625 430 adventu
1653 386 1842 446 populus
1868 385 1977 430 mul·

451 479 547 512 tum
566 465 800 526 gaudebat.
823 464 878 506 Et
904 461 964 505 sic
992 460 1115 504 faciet
1137 459 1326 519 populus
1348 458 1391 501 in
1418 458 1606 501 adventu
1628 468 1704 500 tuo
1728 456 1763 500 si
1788 456 1892 500 velis
1922 457 1976 500 sa-

452 554 549 584 oere
573 537 685 581 sicut
704 535 797 595 ipse
824 532 938 577 fecit.

512 677 624 726 VII.
661 677 707 720 Si
740 687 885 720 autem
923 675 983 718 sic
1023 673 1186 726 seceris,
1218 671 1570 715 benediccionem
1601 671 1682 714 Dei
1717 670 1910 723 habebis,
1937 681 1980 714 et

454 767 605 795 omnes
632 747 803 807 Anglici
829 763 929 789 cum
958 745 1038 789 Dei
1069 743 1289 803 adjutorio
1316 754 1445 786 erunt
1473 743 1526 785 ad
1557 754 1681 786 tuum
1702 741 1909 802 placitum
1936 752 1980 784 et

455 831 725 882 preceptum,
755 830 798 861 et
825 834 901 877 per
921 832 1113 860 amorem
1141 831 1270 875 quem
1310 814 1537 857 habebunt
1570 813 1614 855 in
1642 824 1698 864 te,
1729 812 1978 856 dominabe-

456 892 514 936 ris
535 892 595 935 eis
616 890 792 950 pacifice
817 904 915 931 cum
945 887 1187 946 triumpho.
1214 885 1345 940 Quod
1381 885 1414 927 si
1443 884 1503 927 sic
1535 884 1727 927 nolueris
1759 883 1976 936 ordinare,

456 962 702 1007 timendum
730 971 794 1003 est
815 959 934 1019 quod
956 960 1075 1001 Deus
1095 956 1273 1000 suscitet
1294 956 1373 999 tibi
1396 956 1559 998 bellum
1584 955 1627 998 in
1656 971 1742 1014 quo
1780 970 1978 1013 magnam

456 1032 788 1078 tribulacionem
811 1029 1003 1090 patieris.
1036 1030 1091 1071 Et
1117 1028 1152 1071 si
1175 1039 1279 1071 tunc
1307 1027 1360 1069 ad
1393 1028 1535 1070 Deum
1569 1025 1834 1078 clamaveris,
1869 1025 1980 1068 sorte

456 1106 575 1148 Deus
608 1115 650 1147 te
675 1118 764 1145 non
793 1101 1011 1146 exaudiet.
1035 1098 1372 1143 proverbiorum
1403 1115 1491 1140 xxu
1521 1114 1529 1140 :
1568 1099 1655 1156 Qui
1690 1097 1865 1139 obturat
1901 1112 1979 1139 au·

457 1193 547 1219 rem
573 1191 699 1218 suam
724 1174 785 1216 ad
803 1174 1018 1216 clamores
1040 1173 1254 1230 pauperis
1286 1173 1376 1229 ipse
1401 1170 1623 1223 clamabit,
1657 1178 1699 1211 et
1722 1184 1808 1211 non
1839 1183 1980 1210 exau-

456 1248 601 1291 dietur
611 1251 645 1290 ⁶.
671 1246 727 1288 Et
745 1244 907 1287 ibidem
930 1243 1136 1286 Proverb.
1162 1241 1326 1300 primo:
1359 1242 1514 1284 Voccwi
1527 1250 1568 1283 et
1588 1243 1806 1293 renuistis,
1822 1249 1863 1282 et
1882 1239 1979 1281 des-

448 1320 638 1378 pexistis
665 1316 890 1359 consilium
921 1314 1088 1356 bonam.
1130 1314 1185 1355 Et
1217 1313 1417 1371 sequitur
1454 1311 1642 1354 ibidem:
1684 1327 1779 1353 eum
1818 1313 1982 1353 venerit

457 1404 591 1448 super
612 1397 651 1431 te
666 1386 912 1440 tribulacio,
938 1395 979 1428 et
999 1387 1222 1442 angustia,
1248 1383 1456 1425 clamabis
1476 1384 1536 1425 ad
1552 1384 1707 1436 Deum,
1732 1391 1773 1424 et
1798 1382 1913 1424 Deus
1940 1390 1981 1424 te

458 1475 542 1503 non
562 1458 786 1511 exaudiet,
812 1472 861 1499 eo
882 1456 997 1515 quod
1014 1471 1193 1498 exosam
1213 1455 1406 1497 habuisti
1422 1454 1697 1512 disciplinam
1729 1453 1893 1495 domini
1919 1454 1984 1494 tui

461 1540 502 1573 et
521 1529 701 1572 consilio
727 1529 834 1571 bono
866 1543 953 1570 non
993 1523 1282 1584 adplicuistib.
1312 1526 1368 1567 Et
1388 1525 1486 1567 ideo
1505 1523 1790 1583 ignominiam
1817 1533 1860 1565 et
1886 1533 1980 1565 tur-

460 1599 707 1660 pitudinem
728 1613 962 1657 congregas
990 1597 1086 1648 tibi,
1112 1607 1154 1639 et
1180 1596 1467 1655 obprobrium
1488 1595 1606 1654 quod
1622 1609 1848 1653 nunquam
1868 1592 1980 1636 dele-

459 1671 581 1715 bitur
607 1670 653 1713 in
683 1670 767 1712 hoc
799 1668 981 1712 mundo.
1010 1669 1123 1721 Heu,
1154 1669 1266 1719 Heu,
1299 1668 1411 1718 Heu,
1443 1666 1501 1708 mi
1533 1666 1710 1709 domine
1735 1681 1825 1716 rex,
1861 1663 1981 1723 quod

460 1752 526 1786 tot
548 1740 882 1784 lamentaciones
903 1750 946 1782 et
968 1738 1138 1781 dolores
1166 1749 1269 1781 sunt
1295 1738 1339 1780 in
1367 1737 1555 1779 adventu
1585 1748 1678 1788 tuo,
1705 1751 1804 1778 cum
1831 1733 1980 1794 pocius

460 1823 572 1857 esset
591 1811 887 1872 gaudendum.
918 1811 1006 1853 Nec
1033 1809 1208 1861 mirum,
1234 1809 1350 1868 quod
1374 1807 1709 1851 lamentaciones
1735 1818 1777 1850 et
1795 1804 1981 1864 suspiria

461 1883 631 1927 suntin
658 1881 848 1925 adventu
884 1892 960 1924 tuo
997 1896 1005 1923 :
1042 1879 1143 1938 quia
1178 1879 1222 1922 in
1249 1879 1444 1933 veritate,
1485 1895 1571 1938 que
1607 1879 1726 1921 Deus
1763 1888 1843 1930 est,
1884 1875 1981 1921 dico

460 1954 580 2014 quod
607 1969 687 2013 pro
709 1968 894 2012 persona
910 1967 1018 2003 mea,
1052 1951 1420 2009 quandocumque
1449 1949 1661 1993 audierim
1695 1963 1890 1991 rumores
1927 1946 1982 1990 de

460 2036 536 2068 tuo
575 2024 764 2067 adventu
806 2034 849 2065 et
892 2021 1022 2065 audio
1060 2032 1252 2064 vestrum
1295 2037 1448 2074 cornu,
1492 2031 1632 2063 totum
1675 2017 1978 2071 contremisce,

460 2095 549 2139 sive
570 2094 727 2137 fuerim
757 2094 800 2136 in
828 2093 975 2144 domo,
1010 2092 1098 2135 sive
1128 2092 1171 2134 in
1199 2108 1368 2151 campo,
1399 2091 1486 2134 sive
1515 2090 1559 2133 in
1593 2090 1786 2143 ecclesia,
1819 2089 1907 2132 sive
1936 2087 1980 2130 in

459 2165 622 2219 studio,
652 2181 724 2208 seu
755 2164 885 2207 etiam
907 2164 949 2206 in
976 2163 1120 2207 missa.
1148 2163 1338 2219 Quando
1366 2178 1463 2205 vero
1490 2161 1647 2221 aliquis
1677 2161 1731 2204 de
1752 2172 1825 2203 tua
1859 2159 1982 2202 fami-

459 2236 514 2279 lia
537 2236 681 2296 pulsat
706 2235 760 2277 ad
788 2246 974 2294 portam,
1004 2245 1110 2277 tunc
1136 2233 1270 2292 magis
1290 2232 1590 2276 contremisco.
1625 2231 1708 2274 Sed
1730 2230 1907 2290 quando
1927 2229 1981 2272 ad

459 2307 640 2356 ostium,
662 2317 768 2348 tunc
788 2305 928 2348 multo
957 2304 1113 2363 magis.
1144 2305 1199 2347 Et
1222 2304 1297 2358 sic,
1328 2315 1492 2363 quanto
1514 2303 1611 2362 plus
1637 2301 1978 2361 appropinquat,

460 2389 582 2421 tanto
610 2377 708 2436 plus
729 2375 1016 2420 contremisco
1043 2387 1085 2418 et
1112 2375 1156 2418 in
1180 2377 1342 2433 majore
1362 2391 1458 2417 sum
1481 2374 1649 2416 timore.
1684 2372 1833 2416 Etiste
1851 2371 1982 2414 timor

460 2448 506 2490 in
528 2464 597 2490 me
624 2458 786 2501 manet,
817 2446 1027 2506 quamdiu
1051 2462 1215 2488 moram
1238 2445 1371 2488 trahis
1393 2445 1436 2487 in
1466 2445 1551 2487 illis
1579 2444 1791 2503 partibus,
1814 2443 1859 2486 in
1877 2442 1978 2500 qui-

459 2520 541 2562 bus
569 2534 646 2577 ego
673 2534 786 2569 sum,
811 2529 853 2560 et
880 2517 975 2568 hoc,
1006 2528 1184 2575 propter
1207 2517 1339 2559 multa
1367 2527 1409 2558 et
1430 2516 1595 2558 diversa
1622 2515 1849 2573 mala,que
1869 2513 1983 2556 fiunt

458 2589 740 2648 pauperibus,
772 2605 847 2647 per
869 2588 965 2630 illos
992 2588 1068 2646 qui
1090 2604 1135 2630 se
1166 2588 1319 2630 dicunt
1346 2587 1399 2629 de
1426 2587 1543 2629 curia
1573 2598 1660 2628 tua.
1703 2587 1831 2627 Juxta
1872 2583 1981 2627 illud

455 2659 640 2703 Jeremie
668 2677 730 2702 1111
760 2676 768 2702 :
808 2660 1035 2717 Sapientes
1065 2668 1165 2701 sunt
1207 2669 1253 2701 uc
1285 2660 1459 2718 saciant
1494 2658 1645 2700 mala:
1686 2657 1790 2699 bene
1835 2665 1980 2698 autem

455 2730 608 2782 facere
636 2734 922 2773 nescierunt⁶.
961 2730 1015 2772 Et
1043 2729 1376 2772 proverbiorum
1410 2745 1462 2771 u:
1494 2729 1710 2770 Lecantur
1739 2743 1834 2769 cum
1867 2727 1980 2768 mala

453 2801 639 2855 fecerint
661 2817 670 2842 ε
695 2810 736 2843 et
749 2802 950 2843 exultant
970 2804 1014 2843 in
1040 2802 1167 2842 rebus
1188 2798 1428 2858 pessimisd.
1462 2800 1516 2841 Et
1543 2799 1647 2841 tales
1674 2797 1897 2856 eliguntur
1928 2796 1983 2838 de

454 2871 574 2914 curia
596 2882 669 2914 tua
697 2871 751 2914 ad
779 2871 1100 2930 providenciam
1123 2871 1202 2913 tibi
1226 2870 1484 2914 faciendam.
1504 2870 1558 2912 Et
1572 2885 1623 2911 ex
1645 2869 1727 2911 hoc
1741 2867 1847 2910 mihi
1869 2866 1983 2910 vide-

464 3046 686 3133 11‹1.14Prov.
709 3046 807 3088 XXI,
833 3048 888 3084 13.
912 3066 956 3073 —
978 3046 1012 3082 b.
1034 3047 1144 3083 Prov.
1167 3047 1196 3087 1,
1219 3048 1339 3085 27-30.
1361 3066 1405 3072 —
1426 3057 1457 3080 c.
1485 3044 1648 3085 Jer.1v,
1671 3046 1728 3080 22.
1750 3043 1848 3079 -ά,
1867 3043 1977 3080 Prov-
