2314 3736
1159 323 1399 366 -146-

1109 624 1428 667 NARRATIO.

565 834 752 882 XVIII.
772 835 898 888 Vide,
915 834 1093 878 domine
1105 851 1194 886 rex,
1214 846 1254 877 et
1269 834 1459 887 adverte,
1479 835 1726 895 etintellige
1740 837 2034 880 narracionem

505 922 784 950 communem
801 931 858 939 -
874 905 975 949 Fuit
995 905 1040 948 in
1059 905 1249 964 quodam
1273 921 1423 964 regne,
1448 906 1566 964 quod
1590 922 1662 949 rex
1686 923 1774 950 non
1796 919 2038 951 remaneret

507 976 551 1019 in
579 993 711 1036 regno
735 976 845 1020 ultra
873 992 1054 1020 annum.
1086 976 1188 1028 Sed,
1219 976 1405 1019 durante
1430 992 1561 1028 anno,
1586 977 1731 1036 potuit
1753 978 1890 1021 facere
1911 978 2036 1038 quic-

505 1048 613 1106 quid
645 1048 787 1099 vellet,
819 1063 957 1106 usque
990 1046 1034 1090 in
1071 1047 1200 1089 finem
1236 1046 1354 1089 anni.
1387 1046 1453 1089 Illi
1481 1047 1534 1089 de
1559 1063 1693 1107 regno
1724 1048 1814 1100 illo,
1845 1049 1898 1091 ad
1925 1065 2038 1108 quos

507 1119 726 1178 spectabat
755 1118 906 1161 electio
947 1118 1171 1177 elegerunt
1215 1117 1448 1176 quemdam
1476 1117 1519 1160 in
1548 1134 1706 1177 regem.
1740 1118 1895 1161 Statim
1934 1135 2034 1163 cum

506 1190 646 1233 fuerat
678 1189 839 1232 electus
882 1188 1023 1231 tenuit
1057 1188 1290 1230 maximam
1332 1188 1558 1242 familiam,
1596 1189 1924 1248 maximumque
1958 1207 2034 1233 nu·

507 1276 675 1303 merum
711 1276 942 1318 equorum,
973 1259 1109 1302 multa
1136 1260 1268 1312 bona,
1304 1258 1412 1317 quid
1439 1275 1517 1318 per
1550 1259 1628 1311 fas,
1658 1259 1767 1318 quid
1806 1276 1884 1319 per
1914 1260 2036 1304 nefas

505 1330 741 1390 adquisivit
766 1346 914 1390 regno,
940 1340 981 1372 et
999 1329 1110 1372 nihil
1127 1329 1209 1372 sibi
1231 1329 1330 1388 ipsi.
1355 1329 1627 1372 Adveniente
1642 1329 1728 1372 fine
1749 1330 1868 1383 anni,
1889 1331 2036 1374 subito

505 1413 656 1461 captus
684 1401 782 1454 fuit,
813 1412 856 1443 et
879 1400 923 1443 in
944 1400 1178 1459 quamdam
1202 1400 1390 1443 insulam
1420 1400 1592 1454 missus,
1617 1412 1659 1443 et
1685 1400 1778 1443 sine
1804 1417 1879 1460 spe
1896 1417 2035 1461 'reme-

505 1472 584 1525 dii,
627 1472 734 1515 vixit
773 1471 929 1514 misera
962 1481 1217 1530 paupertate
1256 1482 1298 1513 et
1330 1470 1517 1514 miseriis
1551 1471 1715 1516 multis.
1757 1473 1886 1515 Juxta
1925 1471 2035 1514 illud

505 1543 690 1587 Jeremie
718 1559 812 1586 xvi:
836 1544 1028 1601 Ejicz'am
1058 1558 1130 1586 vos
1149 1543 1202 1584 de
1233 1542 1472 1596 terralzac,
1507 1548 1551 1584 in
1573 1552 1737 1585 terram
1766 1559 1897 1602 quam
1918 1546 2035 1601 igno·

506 1618 628 1668 ratis,
661 1624 703 1657 et
739 1616 935 1658 servietis
967 1614 1052 1655 diis
1081 1613 1236 1655 alienis
1266 1613 1336 1655 die
1371 1629 1424 1655 ac
1461 1623 1599 1666 noete,
1635 1617 1714 1672 qui
1742 1629 1828 1655 non
1867 1613 2036 1656 dabunt

507 1691 700 1745 requiem
743 1685 910 1728 vobis0.
958 1683 1261 1737 Postmodum,
1295 1683 1377 1726 fuit
1402 1683 1561 1743 aliquis
1597 1683 1642 1726 in
1677 1700 1819 1743 regem
1852 1684 2032 1736 electus,

507 1756 600 1816 ipse
638 1755 879 1809 advertens,
915 1754 1023 1814 quid
1062 1754 1194 1797 fiebat
1225 1754 1279 1797 de
1307 1754 1606 1813 predecessore
1638 1770 1734 1806 suo,
1764 1753 1910 1797 omnia
1947 1770 2035 1813 que

506 1826 651 1886 potuit
683 1826 869 1880 auferre,
906 1826 960 1868 de
991 1842 1123 1884 regno
1152 1841 1229 1868 suo
1255 1825 1452 1878 abstulit,
1483 1837 1525 1868 et
1552 1825 1670 1867 misit
1701 1824 1743 1867 in
1773 1824 1960 1867 insulam
1988 1824 2034 1867 in

509 1914 657 1957 quam,
689 1908 787 1956 post
807 1913 989 1948 annum,
1012 1895 1342 1939 debebatmitti.
1365 1898 1412 1938 In
1430 1895 1516 1938 fine
1530 1895 1650 1947 anni,
1678 1895 1833 1938 missus
1854 1895 2031 1938 inillam

507 1969 712 2020 insulam,
744 1968 789 2010 in
811 1984 895 2026 qua
923 1967 1030 2009 vixit
1060 1967 1103 2009 in
1131 1967 1402 2010 abundancia
1434 1966 1632 2010 omnium
1661 1967 1894 2019 bonorum,
1924 1965 2037 2009 sicut

506 2039 628 2099 prius
657 2038 903 2098 providerat
930 2037 1011 2080 sibi
1048 2037 1146 2096 ipsi.
1183 2039 1313 2080 Recte
1346 2037 1631 2080 consimiliter
1663 2049 1741 2090 est,
1781 2037 1835 2079 de
1861 2037 2034 2096 regibus

507 2111 641 2168 hujus
674 2109 812 2168 regni,
843 2121 885 2151 et
910 2109 1096 2151 aliorum
1120 2119 1218 2167 post
1249 2120 1450 2151 mortem.
1484 2108 1603 2151 Missi
1638 2119 1741 2151 sunt
1774 2108 1816 2150 in
1846 2107 2032 2150 insulam

506 2197 700 2240 parvam,
725 2180 767 2223 id
788 2191 853 2222 est
878 2195 1060 2239 corpora
1089 2179 1356 2222 clauduntur
1383 2179 1427 2221 in
1455 2179 1700 2238 sepulchro.
1728 2180 1781 2221 Et
1808 2178 1904 2221 vide
1924 2194 2032 2236 qua-

506 2252 604 2294 liter
626 2262 890 2310 pascuntur,
916 2261 1191 2293 transeuntes
1204 2267 1279 2309 per
1305 2250 1586 2309 sepulchrum
1608 2249 1725 2292 illius
1744 2249 1923 2292 dicunt:
1949 2250 2034 2292 Iste

508 2322 591 2365 suit
618 2323 760 2365 bonus
787 2338 876 2373 rex,
917 2337 1070 2380 magna
1110 2320 1193 2363 fuit
1226 2338 1308 2379 pax
1338 2320 1381 2363 in
1422 2332 1618 2379 tempore
1655 2336 1750 2371 suo,
1783 2331 1826 2362 et
1864 2335 2035 2379 semper

508 2393 592 2436 suit
617 2393 825 2452 gaudium
855 2392 898 2434 in
921 2392 1109 2434 adventu
1132 2408 1226 2435 suo.
1250 2417 1308 2424 —
1324 2391 1463 2434 Multa
1492 2391 1752 2434 monasteria
1770 2389 2029 2443 construxit,

509 2464 641 2506 malas
674 2463 1015 2506 consuetudines
1054 2473 1166 2505 terre
1197 2462 1428 2515 destruxit,
1463 2462 1599 2504 multa
1645 2478 1773 2521 opera
1812 2460 2033 2504 charitatis

507 2534 714 2579 exercuit.
754 2560 811 2566 -—
848 2535 944 2576 Non
981 2533 1177 2592 capiebat
1216 2532 1359 2592 aliqua
1399 2534 1511 2576 bona
1551 2549 1630 2592 pro
1665 2532 1823 2575 minori
1868 2531 2029 2591 precio,

506 2622 638 2664 quam
684 2604 889 2648 dominus
925 2604 985 2646 rei
1024 2604 1195 2646 volebat
1233 2603 1365 2658 dare;
1414 2615 1456 2646 et
1499 2603 1741 2646 consimilia
1786 2604 1899 2646 bona
1947 2618 2033 2661 que

508 2677 666 2719 fecerat
687 2676 778 2735 ipse
800 2687 995 2734 tempore
1015 2691 1110 2727 suo,
1136 2686 1313 2717 narrant
1334 2675 1387 2717 de
1408 2675 1516 2733 ipso.
1543 2676 1597 2716 Et
1617 2673 1859 2733 specialiter
1880 2684 2033 2732 rogant

507 2749 667 2799 Deum,
726 2763 803 2806 pro
854 2746 996 2789 anima
1044 2745 1178 2804 ipsius
1227 2757 1269 2788 et
1312 2745 1541 2788 animabus
1592 2744 1789 2787 omnium
1835 2744 2029 2786 fidelium

506 2818 830 2861 defunctorum.
863 2818 969 2859 Ecce
995 2833 1125 2875 quam
1154 2816 1319 2875 optime
1347 2816 1535 2874 pascitur
1565 2827 1606 2858 et
1630 2814 1825 2858 abundat
1852 2814 1895 2856 in
1926 2813 2029 2856 deli-

506 2889 599 2932 ciis.
640 2888 975 2931 proverbiorum
1023 2903 1137 2929 xxii:
1181 2887 1338 2929 Melius
1386 2897 1449 2929 est
1489 2902 1644 2928 nomen
1684 2886 1854 2938 bonum,
1898 2901 2026 2944 quam

505 2959 655 3003 divicie
675 2960 835 3001 multe.-
855 2974 985 3016 ευμεν
1005 2974 1162 2999 aarum
1185 2967 1226 2999 et
1251 2967 1495 3015 argentum,
1522 2961 1679 3015 gracia
1701 2957 1812 2999 bona
1827 2954 1856 2998 ⁶.
1888 2955 2029 2998 Eccle-

553 3123 590 3148 a.
618 3111 695 3145 Jer.
719 3111 816 3153 XVI,
843 3113 897 3147 13.
921 3131 968 3138 —
989 3111 1023 3146 b.
1048 3111 1159 3146 Prov.
1184 3110 1301 3152 XXII,
1322 3112 1355 3146 1.
1380 3130 1423 3137 —
1444 3122 1474 3144 c.
1502 3109 1624 3145 Eccle.
1649 3109 1787 3152 V11‚'2.
1811 3129 1854 3136 —
1875 3108 1913 3143 d.
1937 3108 2024 3156 Sap.
