2314 3736
1100 241 1118 286 Ο

1087 324 1299 365 —9'—

426 412 533 456 riam
561 423 696 456 tuam.
726 412 820 455 Hiis
840 411 995 455 diebus
1021 429 1099 472 per
1122 413 1314 472 aliquem
1346 413 1399 456 de
1425 413 1544 457 curia
1578 425 1654 458 tua
1679 414 1754 458 fiet
1785 416 1947 475 procla·

423 483 561 526 macio
589 483 761 542 publice
787 483 831 525 in
861 483 971 536 foro,
1001 499 1055 526 ne
1083 484 1183 542 quis
1209 485 1292 526 sub
1321 484 1438 543 gravi
1468 501 1578 543 pena
1606 485 1773 545 aliquas
1800 502 1866 530 res
1892 489 1948 530 ab

421 554 517 597 aliis
543 554 684 613 capiat
703 553 787 596 nisi
815 570 893 613 pro
922 553 1004 596 hiis
1031 554 1168 597 solvat
1194 565 1242 597 ut
1262 565 1452 607 tenetur,
1484 566 1526 598 et
1555 567 1700 598 tamen
1731 557 1852 600 curie
1875 567 1950 601 tue

424 625 691 676 decursores‚
711 624 861 676 immo,
887 640 1162 683 precursores
1183 625 1459 677 Antichristi‚
1484 625 1526 668 id
1549 637 1615 668 est
1635 638 1784 669 contra
1801 627 1949 671 Chris-

425 706 536 747 tum,
557 706 600 738 et
618 695 840 753 garciones
861 706 935 738 tue
954 695 1074 738 curie
1089 695 1264 748 diversi,
1287 696 1331 738 id
1352 707 1417 739 est
1429 696 1651 754 garciones
1667 697 1830 740 diaboli
1848 709 1890 742 et
1909 698 1949 742 ei

424 765 616 808 totaliter
635 765 798 824 alligati
819 765 921 824 quia
942 777 1047 808 sunt
1072 766 1182 808 servi
1209 763 1463 824 ejus,'unde
1488 769 1579 812 Joa.
1602 767 1674 826 viij
1695 784 1704 810 :
1731 769 1819 826 Qui
1835 770 1950 828 facit

415 846 645 895 peccatum
672 852 824 880 servus
851 846 914 878 est
941 839 1114 895 peccati
1126 842 1159 887 ⁶,
1189 847 1233 878 et
1264 853 1342 895 per
1373 853 1643 896 consequens
1676 838 1855 893 diaboli,
1884 855 1949 883 ca-

424 906 553 966 piunt
573 906 709 949 multa
732 907 845 949 bona
866 922 943 966 per
959 906 1212 950 violenciam
1233 923 1255 949 a
1277 907 1468 950 dominis
1490 907 1665 951 illorum
1688 909 1945 962 bonorum¹‚

423 977 638 1031 videlicet,
683 976 863 1036 capiunt
901 993 1074 1036 panem,
1110 977 1351 1031 cervisiam,
1386 974 1528 1030 aucas,
1571 978 1768 1037 gallinas,
1807 979 1944 1032 fabas,

421 1063 575 1090 avenas
614 1059 657 1090 et
693 1047 827 1090 multa
861 1048 960 1101 alia,
1005 1064 1084 1106 pro
1121 1048 1283 1106 quibus
1314 1048 1439 1107 quasi
1471 1049 1607 1091 nichil
1652 1050 1864 1104 solvitur3
1903 1061 1948 1094 et

422 1129 601 1178 propter
620 1118 875 1176 hujusmodi
901 1119 1185 1172 extorsiones,
1215 1119 1343 1162 multi
1367 1135 1577 1178 pauperes
1607 1136 1693 1162 non
1720 1121 1951 1164 habebunt

425 1188 543 1231 unde
569 1188 780 1248 possunt²
806 1200 940 1232 terras
970 1206 1068 1232 suas
1095 1189 1323 1233 seminare.
1350 1191 1405 1232 Et
1430 1205 1527 1233 ecce
1554 1190 1750 1234 malicia³
1774 1191 1950 1234 illorum

423 1260 691 1318 garcionum.
730 1259 961 1311 Statuitur,
999 1259 1087 1302 sive
1120 1260 1364 1316 ordinatur,
1400 1261 1526 1303 tacite
1558 1261 1623 1304 vel
1654 1262 1702 1316 [f.
1730 1263 1858 1316 136']
1881 1278 1949 1305 ex-

424 1346 584 1390 presse,
607 1330 722 1372 inter
741 1330 914 1372 eosdem
935 1330 1155 1388 garciones
1183 1331 1258 1390 qui
1286 1342 1389 1374 sunt
1414 1331 1612 1390 deputati
1639 1332 1692 1375 ad
1719 1348 1851 1375 unam
1874 1332 1950 1375 vil·

425 1401 527 1458 lam,
566 1400 684 1460 quod
710 1416 827 1443 unus
855 1416 1006 1443 eorum
1034 1401 1287 1444 maledictus
1314 1413 1355 1444 et
1386 1402 1599 1461 pessimus
1626 1403 1752 1446 faciat
1778 1403 1951 1462 rapinas

423 1471 478 1514 de
502 1487 651 1522 avena,
675 1471 728 1513 de
749 1487 876 1530 pane,
899 1471 1092 1523 cervisia,
1122 1472 1254 1526 aucis,
1278 1473 1476 1532 gallinis3
1506 1484 1549 1515 et
1568 1473 1621 1515 de
1647 1473 1732 1516 hiis
1759 1489 1953 1517 commu·

422 1542 537 1585 niter
569 1542 733 1585 faciunt
763 1542 870 1584 festa
895 1558 973 1585 sua
1001 1554 1043 1585 et
1069 1543 1276 1602 gaudent,
1313 1555 1356 1586 et
1386 1543 1579 1603 populus
1604 1544 1818 1588 tristatur.
1844 1545 1947 1597 Sed,

424 1629 503 1672 pro
532 1624 664 1667 certo,
697 1612 955 1671 hujusmodi
993 1613 1098 1656 festa
1135 1613 1341 1672 gaudiosa
1366 1626 1674 1658 convertentur
1707 1615 1750 1657 in
1783 1615 1948 1658 luctum

423 1683 673 1726 dolorosum
702 1694 744 1725 et
770 1683 994 1742 planctum
1011 1685 1137 1742 juxta
1165 1684 1275 1727 illud
1303 1686 1436 1728 Amos
1462 1685 1536 1743 viij
1565 1702 1573 1728 ε
1607 1687 1864 1730 Convertam
1887 1687 1950 1746 sb·

423 1757 635 1798 stivitates
663 1764 828 1798 vestras
854 1758 898 1797 in
925 1755 1087 1797 laetam
1119 1764 1161 1797 et
1186 1759 1332 1798 omnia
1366 1759 1537 1799 cantica
1571 1767 1714 1800 vestra
1745 1761 1788 1800 in
1814 1758 1950 1815 plan-

552 1823 582 1878 ὁ,
608 1825 653 1867 in
680 1827 794 1867 Luca
814 1827 854 1882 vj
877 1842 885 1868 :
926 1826 980 1868 Ve
997 1826 1114 1869 vobis
1140 1829 1216 1885 qui
1242 1830 1439 1870 saturati
1457 1831 1560 1870 estis
1576 1842 1590 1869 .·
1611 1831 1711 1887 quia
1731 1831 1946 1871 esurietis.

427 1897 474 1938 V
471 1911 493 1938 e
519 1896 636 1939 vobis
669 1899 747 1955 qui
777 1912 888 1938 nunc
918 1897 1084 1950 ridetis,
1121 1903 1223 1956 quia
1258 1898 1458 1955 lugebitis
1484 1908 1526 1941 et
1545 1893 1746 1957 flebiffl‘.
1784 1898 1885 1951 Sed,
1915 1898 1949 1941 si

425 1967 479 2009 ad
515 1966 678 2008 curiam
718 1978 835 2009 tuam
863 1978 1158 2026 conqueratur
1187 1967 1241 2010 de
1274 1968 1525 2026 hujusmodi
1553 1969 1845 2028 garcionibus,
1878 1969 1951 2012 ille

424 2037 567 2097 garcio
588 2037 663 2096 qui
686 2037 875 2096 predicta
898 2039 1011 2080 bona
1038 2038 1199 2097 rapuit,
1224 2039 1471 2081 absentabit
1497 2055 1556 2092 se,
1591 2056 1733 2099 neque
1763 2051 1867 2082 tunc
1885 2039 1952 2082 in·

425 2108 623 2151 venietur
659 2119 702 2150 et
732 2108 804 2150 alii
842 2108 1064 2167 garciones
1103 2109 1295 2151 totaliter
1329 2126 1373 2152 se
1402 2122 1623 2163 excusant,
1664 2126 1763 2154 cum
1805 2122 1949 2154 tamen

426 2195 577 2222 omnes
604 2179 658 2221 de
680 2179 934 2237 hujusmodi
959 2179 1109 2239 rapina
1126 2180 1521 2225 communicabant.
1553 2181 1640 2224 Sed
1668 2181 1833 2224 utinam
1861 2193 1949 2224 sta-

426 2261 622 2292 tueretur
642 2250 687 2292 in
711 2262 784 2293 tua
809 2250 943 2302 curia,
968 2251 1087 2309 quod
1114 2251 1147 2294 si
1172 2268 1286 2294 unus
1307 2252 1368 2294 sic
1387 2252 1629 2311 delinquat,
1653 2269 1712 2311 qu
1747 2252 1772 2294 d
1800 2268 1950 2295 omnes

426 2332 468 2363 et
489 2320 648 2380 singuli
670 2332 940 2372 tenerentur,
967 2321 1154 2364 maxime
1179 2337 1279 2364 cum
1302 2322 1374 2365 ille
1400 2323 1669 2382 delinquens
1726 2323 1949 2381 ujusmodi

427 2391 600 2450 rapinas
642 2391 743 2434 facit
776 2391 905 2434 etiam
940 2393 1196 2435 auctoritate
1228 2404 1270 2436 et
1307 2393 1560 2436 defensione
1592 2393 1795 2438 aliorum.
1837 2394 1949 2437 Cum

425 2462 748 2505 consencientes
783 2474 826 2505 et
863 2474 1037 2522 agentes
1071 2463 1162 2522 pari
1196 2480 1306 2523 pena
1339 2475 1443 2507 sunt
1474 2464 1687 2524 puniendi
1717 2475 1759 2507 et
1795 2465 1948 2507 eodem

428 2533 558 2575 modo
594 2533 787 2592 magistri
830 2550 980 2576 eorum
1015 2546 1119 2577 sunt
1158 2534 1371 2593 puniendi
1404 2535 1506 2593 quia
1541 2535 1736 2578 facientis
1777 2535 1948 2594 culpam

428 2602 558 2646 habet
589 2604 664 2662 qui
700 2604 819 2662 quod
855 2616 997 2663 potest
1033 2605 1247 2664 corrigere
1280 2605 1460 2664 negligit
1491 2606 1748 2660 emendare;
1784 2617 1827 2648 et
1862 2621 1949 2649 non

428 2673 569 2716 solum
601 2674 677 2732 qui
709 2674 888 2728 faciunt,
920 2675 994 2717 sed
1024 2675 1099 2734 qui
1126 2675 1411 2719 consenciunt
1431 2676 1945 2736 participesjudicantur,

425 1836 538 1867 ctum

475 2897 515 2933 9.
545 2918 588 2925 ·—
609 2897 877 2945 ¹precursores
898 2905 959 2934 tue
989 2899 1091 2934 curie
1121 2899 1273 2946 capiunt
1298 2899 1415 2935 multa
1446 2898 1558 2940 boun,
1594 2898 1668 2942 CL,
1691 2898 1737 2934 V.
1772 2900 1831 2941 R..
1867 2911 1949 2947 gar·

427 2945 559 2979 ciones
585 2951 647 2980 tue
667 2947 770 2981 curie
796 2946 949 2992 capiunt
974 2947 1089 2982 multa
1109 2946 1222 2987 bona,
1247 2947 1288 2981 F.
1308 2966 1353 2974 —-
1377 2947 1565 2994 ¹possint,
1588 2946 1662 2988 cl„
1685 2946 1731 2982 V.
1754 2947 1813 2988 R„
1837 2947 1880 2981 F.

428 2991 442 3014 ⁸
457 2992 654 3034 maliciam,
677 2992 735 3027 Cl.
757 2993 804 3028 V.
827 2993 871 3028 R.

476 3120 514 3145 α.
543 3109 771 3151 Joan.VI11,
791 3111 849 3146 34.
873 3130 916 3138 —
938 3110 971 3146 b.
995 3111 1078 3146 Am.
1099 3111 1203 3153 vm,
1225 3113 1282 3148 10.
1305 3131 1350 3140 -·
1370 3123 1401 3147 c.
1424 3111 1515 3147 Luc.
1537 3111 1603 3154 VI,
1626 3113 1684 3148 25.
1705 3131 1752 3140 —-
1771 3110 1810 3147 d.
1840 3111 1882 3149 G.
1911 3113 1946 3156 1,
