2314 3736
966 364 1205 406 —149—

320 455 479 498 amicos
509 466 551 497 et
589 454 814 507 inimicos;
846 454 976 497 hodie
1010 455 1139 497 habet
1166 470 1314 497 omnes
1350 455 1537 514 equales.
1571 457 1618 499 Si
1648 457 1726 500 hec
1752 474 1850 517 pre-

320 525 433 568 dicta
453 526 748 568 considerares
767 526 877 568 bene
898 526 978 568 tibi
1005 525 1268 584 provideres.
1302 526 1405 568 Ideo
1436 527 1675 586 precipitur
1704 529 1850 571 Eccle-

321 597 480 639 siastici
517 613 643 639 xxvi:
685 598 900 639 Memento
937 597 1041 653 sinis
1087 601 1191 639 ιιιὶθ.
1228 597 1283 639 Et
1317 597 1605 641 Ecclesiastici
1643 615 1726 642 vu:
1763 601 1850 642 Me-

321 669 405 711 lius
430 678 494 713 est
524 674 589 710 ire
627 669 688 710 ad
712 668 883 710 domum
920 669 1068 722 luctus,
1101 684 1230 727 quam
1267 669 1329 710 ad
1361 670 1532 711 domum
1569 674 1777 714 convivit:
1807 674 1851 714 in

320 739 396 782 illa
431 745 542 781 enim
591 740 696 796 finis
740 749 989 782 cunctorum
1040 740 1301 782 admonetur
1345 740 1581 794 hominum,
1625 751 1665 783 et
1709 747 1851 785 vivens

320 814 481 869 cogitat
500 812 619 870 quod
631 812 832 869 futurum
855 807 952 852 sith.
981 811 1036 852 Et
1056 810 1161 853 scias
1183 810 1301 868 quod
1328 811 1440 852 nihil
1462 822 1631 854 tantum
1650 812 1850 871 proficiet

319 882 372 924 ad
401 882 733 940 temperanciam
752 882 947 924 omnium
967 898 1129 932 rerum,
1154 897 1284 939 quam
1307 882 1510 940 frequens
1529 883 1669 925 brevis
1688 883 1850 926 incerte

318 953 405 995 vite
435 953 653 1011 cogitatio,
695 964 736 995 et
766 953 974 1011 quicquid
1018 953 1135 1006 facis,
1174 960 1341 1011 semper
1373 953 1426 995 ad
1456 964 1636 996 mortem
1667 955 1846 1013 respice,

320 1025 420 1084 quia
450 1040 575 1067 nemo
598 1035 683 1067 tarn
710 1024 938 1083 imperitus
960 1035 1039 1077 est,
1071 1035 1117 1066 ut
1148 1024 1309 1067 nesciat
1335 1024 1572 1082 aliquando
1601 1041 1691 1068 sese
1716 1026 1848 1068 mori-

319 1106 482 1138 turum.
521 1096 633 1139 Cum
667 1107 807 1137 tamen
850 1111 986 1154 prope
1016 1111 1130 1137 mors
1165 1096 1403 1147 accesserit,
1435 1096 1580 1138 tremit
1613 1107 1654 1138 et
1686 1097 1843 1156 plorat.

321 1167 402 1209 Sed
427 1182 505 1209 cur
533 1167 622 1219 fles,
655 1166 861 1225 trepidas,
897 1183 995 1208 cum
1028 1183 1176 1209 omnes
1211 1167 1288 1208 hac
1316 1167 1568 1209 necessitate
1605 1167 1843 1220 ducuntur,

320 1253 389 1280 eas
410 1238 472 1280 ibi
490 1254 577 1296 quo
598 1238 743 1280 omnia
764 1249 880 1290 eant,
911 1249 953 1280 et
974 1238 1027 1280 ad
1055 1238 1166 1280 hanc
1193 1238 1330 1297 legem
1361 1248 1487 1280 natus
1521 1254 1580 1281 es.
1618 1240 1709 1281 Hoc
1734 1240 1847 1297 patri

319 1320 395 1352 tuo
418 1309 587 1363 accidit,
613 1309 695 1351 hoc
716 1309 972 1367 majoribus,
1002 1309 1084 1351 hoc
1106 1309 1326 1362 omnibus,
1352 1320 1450 1367 post
1474 1320 1528 1352 te.
1555 1310 1610 1352 Et
1627 1321 1848 1352 momento

319 1380 401 1422 hoc
421 1380 517 1439 ipso
538 1396 626 1439 quo
654 1391 699 1422 tu
724 1381 834 1422 mori
852 1380 1043 1433 dubitas,
1066 1380 1201 1423 multa
1231 1380 1366 1422 millia
1401 1380 1626 1423 hominum
1658 1381 1847 1424 moriun-

321 1462 406 1494 tur.
446 1451 573 1494 Unde
598 1451 704 1494 dicit
739 1453 928 1494 Seneca:
963 1452 1136 1494 Timere
1175 1451 1303 1494 debes
1337 1462 1516 1493 mortem
1551 1462 1729 1510 propter
1760 1468 1847 1494 mo-

319 1523 526 1565 rientium
563 1524 890 1565 necessitatem:
921 1539 1035 1566 mors
1062 1523 1178 1565 enim
1207 1522 1320 1565 nulli
1352 1523 1503 1581 parcit.
1535 1524 1642 1564 Item
1669 1533 1847 1582 propter

319 1593 602 1636 velocitatem.
653 1595 734 1636 Job
782 1611 864 1636 vu:
923 1595 1076 1637 Ventus
1107 1604 1171 1636 est
1218 1599 1305 1636 vita
1343 1594 1476 1636 meai.
1526 1594 1632 1636 Item
1670 1604 1847 1652 propter

319 1664 674 1708 incertitudinem
697 1665 794 1718 loci,
826 1665 1031 1724 temporis
1059 1676 1101 1707 et
1133 1665 1266 1708 modi.
1292 1666 1399 1707 Item
1421 1664 1611 1706 timenda
1630 1675 1694 1706 est
1711 1680 1843 1717 mors,

319 1746 498 1795 propter
526 1736 739 1779 malorum
761 1737 1084 1779 occursionem:
1110 1747 1280 1794 peccata
1307 1736 1438 1787 enim,
1473 1746 1515 1777 et
1547 1736 1752 1778 demones
1780 1751 1847 1778 oc-

318 1818 495 1849 current
524 1807 603 1849 tibi
638 1808 683 1849 in
716 1818 908 1850 extremo
939 1818 1146 1865 tempore.
1182 1807 1236 1849 Et
1275 1806 1463 1849 timenda
1500 1817 1564 1849 est
1599 1822 1711 1848 mors
1744 1807 1845 1864 quia

319 1893 460 1920 amara
508 1878 822 1937 peccatoribus.
882 1878 1184 1930 Ecclesiastici‚
1236 1895 1294 1920 xn
1322 1894 1330 1920 :
1381 1877 1419 1920 O
1471 1893 1587 1919 mors
1636 1887 1845 1936 quantum

318 1965 477 1990 amara
505 1959 568 1991 est
588 1956 799 1992 memoria
820 1960 911 2003 tua,
943 1950 1108 1991 homini
1126 1948 1328 2008 injustos.
1352 1948 1437 1990 Sed
1464 1948 1655 2006 injustus
1677 1959 1741 1990 est
1769 1948 1845 2006 qui

318 2019 433 2078 capit
471 2020 584 2062 bona
614 2020 817 2074 aliorum,
857 2021 961 2079 ipsis
1001 2021 1164 2064 invitis.
1199 2020 1424 2062 Premissis
1452 2020 1561 2061 bene
1593 2018 1840 2070 intellectis,

319 2089 495 2133 domine
520 2107 611 2144 rex,
642 2107 876 2150 premoneo
914 2103 969 2143 te,
1002 2103 1051 2134 ut
1080 2091 1206 2134 tollas
1234 2091 1343 2133 illud
1364 2090 1685 2149 prerogativum
1712 2089 1843 2132 male-

318 2160 511 2215 dictum3
554 2162 716 2205 scilicet
747 2179 898 2221 capere
930 2162 1091 2204 alienas
1120 2178 1186 2204 res
1221 2178 1298 2220 pro
1338 2161 1498 2204 minori
1534 2161 1677 2219 precio
1712 2177 1843 2219 quam

319 2232 522 2274 venditor
554 2233 657 2276 velit
694 2233 810 2276 dare.
843 2234 973 2288 Quod
1007 2234 1043 2275 si
1072 2250 1158 2276 non
1192 2233 1356 2285 feceris,
1392 2232 1557 2274 videbis
1592 2243 1763 2291 tempus
1798 2232 1843 2273 in

318 2295 407 2360 quo
427 2299 660 2346 'maluisses
687 2305 896 2347 amovisse
928 2305 981 2347 de
1014 2315 1125 2346 terra
1154 2315 1225 2346 tua
1253 2303 1362 2345 illud
1390 2303 1666 2345 maledictum
1694 2318 1842 2361 prero-

319 2373 510 2432 gativum
531 2385 573 2417 et
594 2375 724 2418 malas
751 2375 1087 2418 consuetudines
1110 2375 1184 2433 huj
1194 2391 1242 2417 us
1262 2386 1388 2428 terre,
1420 2390 1549 2432 quam
1567 2373 1843 2432 acquisivisse

319 2445 463 2488 omnia
484 2461 614 2505 regna
645 2447 814 2499 mundi,
838 2457 882 2489 et
907 2446 1003 2489 ideo
1039 2446 1092 2488 de
1117 2456 1260 2489 cetero
1287 2461 1386 2488 cave
1412 2445 1507 2487 tibi.

705 2729 1047 2773 CAPITULUM
1082 2729 1454 2773 UNDECIMUM.

379 2939 522 2986 XIX.
559 2942 597 2983 O
632 2939 808 2983 domine
835 2940 893 2982 mi
913 2956 1002 2992 rex,
1028 2941 1063 2982 si
1084 2941 1228 2984 omnia
1256 2941 1447 3000 predicta
1476 2956 1563 2983 non
1592 2950 1775 2998 possunt
1802 2950 1843 2981 te

321 3028 491 3054 movere
517 3011 569 3054 ad
600 3011 842 3054 tollendum
875 3011 985 3054 illud
1015 3012 1290 3055 maledictum
1318 3011 1655 3071 prerogativum,
1692 3009 1844 3053 videli-

327 3166 385 3200 10.
406 3185 449 3191 —
471 3164 754 3208 h.Eccle.VII‚
779 3167 923 3201 3.-ί.
947 3166 1139 3208 Job.V11,
1165 3169 1197 3202 7.
1226 3186 1265 3193 —
1282 3168 1314 3213 j.
1338 3165 1452 3201 Eccli.
1476 3164 1572 3206 XLI,
1597 3166 1630 3199 1.
